3186 4900
1260 263 1296 328 71

212 447 310 533 paulo
333 454 411 533 post
433 454 700 512 commemoretur
722 448 845 513 vilitas.
879 448 930 512 Ex
953 447 1037 514 libro
1061 445 1212 513 Danielis
1235 445 1341 514 Wou-

211 553 329 615 werius
359 551 421 615 hoc
454 550 604 615 adnotat:
638 551 853 637 despicabiles
878 553 991 638 forent
1025 564 1107 632 snat,
1143 550 1240 636 idque
1273 552 1340 617 fere

211 654 331 740 repetit
352 654 386 719 in
410 653 620 718 adnotatione
644 677 703 719 sua
724 654 999 736 Elmenhorstias,
1027 653 1210 740 bibliopola
1232 662 1340 719 tamen

211 756 299 820 illius
323 757 477 822 editionis
499 757 533 821 in
555 757 753 843 paenultima
775 757 896 844 pagina
917 758 951 821 in
970 759 1077 845 ferme
1099 769 1173 823 sciet
1189 758 1339 823 correxit.

312 1069 375 1154 Ep.
399 1068 451 1133 IV
474 1069 492 1132 8
517 1069 621 1154 (269).
671 1064 753 1130 Tana
787 1068 1007 1154 lonpinpcitas
1040 1071 1112 1132 niae
1138 1089 1201 1153 per
1229 1069 1339 1131 cirene

210 1194 329 1259 aequor
362 1175 468 1258 compi
495 1175 641 1257 patentis
675 1174 820 1257 seposita
847 1171 1035 1251 visentibus,
1064 1174 1179 1259 qnippe
1209 1172 1246 1236 ob
1282 1173 1339 1234 ltoc

210 1279 314 1360 ipsnm
353 1297 424 1339 sero
458 1278 650 1361 pransuris,
683 1275 915 1360 inpertiebatur.
972 1273 1060 1340 Nara
1097 1280 1245 1340 aiateros
1278 1278 1339 1339 etsi

209 1379 349 1442 nondam
383 1377 537 1442 terebat
566 1377 714 1458 labore,
743 1381 810 1441 iam
840 1388 945 1440 tamen
968 1383 1186 1463 expectatione
1210 1389 1338 1440 terre-

209 1483 284 1546 bat.
330 1480 417 1561 Qnae
452 1493 564 1544 concta
591 1483 787 1566 praemissa,
816 1479 942 1544 domine
962 1481 1087 1565 frater,
1112 1481 1171 1546 liae
1194 1482 1336 1561 tendent,

208 1597 243 1648 nt
277 1584 338 1648 tibi
366 1583 502 1668 probem
535 1605 632 1671 nepae
667 1586 773 1648 animo
807 1604 859 1646 nae
893 1604 1049 1647 vacasse
1077 1585 1212 1647 maltam
1240 1604 1337 1670 neque

209 1707 342 1773 corpore
365 1709 463 1771 nepae
487 1699 627 1771 ternpore
651 1706 710 1771 qno
729 1685 906 1770 postulatis
930 1685 1157 1771 obtemperavi.
1181 1725 1220 1734 -
1241 1684 1337 1750 Ilicet

207 1802 244 1854 nt
266 1791 308 1852 od
331 1791 486 1876 epistolae
508 1801 633 1853 cestrae
658 1801 798 1853 tenorent
820 1793 888 1852 iarn
910 1800 1122 1868 revertamur,
1135 1803 1212 1875 post
1228 1790 1335 1870 certa,

209 1916 286 1978 qaae
309 1898 456 1977 primam
489 1892 573 1956 soloe
599 1893 741 1979 ferebat,
771 1894 828 1957 tac
845 1895 1090 1978 poposcisti,
1114 1906 1149 1957 nt
1173 1896 1336 1979 epipram·

208 2020 260 2060 mc
284 2001 538 2060 transmitterem
556 1997 723 2061 dnodecina
738 1995 883 2060 cersibns
901 1999 1120 2072 terminatum,
1144 1997 1227 2082 quod
1244 2016 1336 2082 pos-

208 2115 263 2165 set
288 2104 400 2185 aptari
422 2101 556 2164 concleae
581 2103 702 2186 capaci,
726 2121 803 2187 qnae
820 2121 884 2185 per
901 2111 1053 2162 anserem
1070 2102 1154 2164 totns
1168 2111 1336 2187 ntenneqne

206 2207 243 2268 in
265 2215 441 2268 eatremaan
469 2207 545 2290 pyri
572 2226 592 2266 a
620 2215 695 2266 rota
719 2204 818 2286 fandi
841 2205 924 2266 sertis
949 2213 1084 2266 coactor
1107 2205 1334 2267 striaturis.

308 2307 373 2373 tlt.
419 2305 457 2370 In
494 2305 637 2370 flectenda
670 2305 832 2370 sententia
865 2304 947 2369 nihil
977 2305 1155 2391 scriptores
1185 2305 1335 2370 codicum

206 2409 318 2473 AHV
345 2408 566 2490 turbaverunt,
588 2408 653 2473 nisi
676 2408 763 2491 quod
785 2408 818 2471 in
842 2409 874 2472 A
898 2409 1007 2473 labore
1031 2408 1154 2471 terebat
1178 2408 1335 2493 scriptum

206 2520 257 2576 est
279 2521 312 2577 et
332 2512 366 2575 in
390 2511 534 2576 terrebat
557 2511 734 2575 alterum‘r
757 2512 871 2597 prima,
894 2511 928 2574 ni
944 2509 1050 2592 fallor,
1066 2533 1162 2574 manu
1179 2510 1334 2574 additum.

205 2612 416 2680 Wouwerius
452 2614 500 2679 sic
533 2614 682 2700 scripsit:
717 2625 747 2678 ct
771 2619 800 2679 si
828 2615 969 2680 nondam
993 2614 1115 2678 terebat
1140 2613 1232 2678 labor
1255 2617 1331 2694 iam,

206 2731 311 2812 tamen
339 2722 515 2803 expectatio
545 2719 698 2799 terrebat,
726 2716 884 2782 lectiones
912 2718 1010 2781 etiam
1031 2718 1137 2804 magis
1161 2726 1333 2803 corruptas

204 2822 238 2886 in
261 2820 430 2886 codicibus
454 2822 602 2886 inventas
624 2822 659 2885 in
682 2821 892 2886 adnotatione
914 2821 1030 2885 adfert.

307 2924 371 2990 24⁶.
416 2924 467 2987 Me
491 2946 618 2990 necasse
641 2947 679 2988 ex
702 2925 734 2989 A
756 2933 790 2989 et
804 2925 838 2988 H
854 2924 1044 2989 adnotatum
1060 2923 1190 3010 scripsi,
1206 2946 1333 2988 vacasse

203 3049 250 3092 nee
273 3027 426 3092 editores.

304 3130 369 3196 tlt.
405 3129 591 3217 Poposcisti
605 3154 644 3195 ex
661 3132 693 3196 A
704 3132 738 3196 H
750 3132 781 3198 R
793 3132 819 3196 Z
831 3132 864 3197 V
880 3131 1010 3218 scripsi,
1022 3135 1228 3217 poposcistis,
1244 3133 1333 3217 quod

203 3233 236 3296 in
263 3233 300 3297 X
322 3241 374 3297 est
396 3241 429 3297 et
449 3235 484 3297 in
507 3233 650 3300 editione
672 3236 832 3322 principe,
856 3231 981 3300 Savaro
1004 3235 1333 3320 Elmcnhorstiasque

203 3337 273 3400 sine
296 3359 395 3402 carisa
417 3347 621 3425 receperunt.

304 3442 369 3507 tlt.
415 3440 530 3507 Posset
552 3466 590 3508 ex
614 3446 646 3508 A
669 3446 744 3511 etV
758 3446 923 3528 adnotavi,
946 3448 979 3510 in
1002 3447 1065 3511 hoc
1088 3455 1195 3511 tamen
1219 3446 1332 3511 codice

201 3569 241 3610 ex
267 3549 376 3632 possit
416 3553 606 3611 correctum.
662 3549 738 3614 Hoc
773 3546 966 3614 Sirmoadus
1004 3549 1154 3636 Mignius
1190 3549 1331 3613 Baretns

202 3648 358 3713 scribunt.

302 3751 366 3818 tlt.
411 3752 594 3818 Striatcris
628 3755 698 3819 sine
732 3755 831 3821 dubio
861 3755 1068 3822 scribendum
1097 3765 1158 3837 est,
1186 3779 1252 3820 non
1281 3758 1330 3820 bis

200 3857 384 3936 striaturis,
412 3855 500 3940 quod
528 3856 667 3921 Baretus
690 3881 730 3922 ex
752 3859 944 3922 recentioris
968 3857 1093 3923 codicis
1117 3857 1222 3922 Paris.
1247 3859 1330 3924 2783

200 3958 340 4024 lectione
362 3960 568 4025 districtoris
585 3960 668 4026 male
691 3961 841 4027 coniecit.
881 3961 972 4026 Nata
990 3962 1071 4026 haec
1093 3968 1144 4026 est
1167 3985 1205 4026 ex
1228 3960 1329 4048 pluri-

199 4083 324 4126 morum
358 4061 507 4126 codicum
535 4062 766 4128 AHRZVP
795 4064 901 4129 Paris.
925 4067 1020 4147 2782,
1043 4067 1138 4147 9551,
1161 4069 1244 4133 3477
1266 4066 1330 4132 lec·

199 4165 288 4228 tione
316 4166 536 4247 histriatnris,
564 4189 646 4251 quae
673 4189 713 4231 ex
741 4167 862 4234 vitiosa
885 4170 955 4234 sive
978 4170 1134 4237 dictantis
1158 4171 1227 4236 sive
1251 4173 1330 4237 scri-

198 4266 305 4332 bentis
338 4269 606 4354 pronuntiatione
639 4278 712 4338 orta
744 4279 804 4340 cst.
850 4266 912 4342 Cfr
940 4275 1093 4342 iacientia
1122 4277 1329 4367 ismarapetas
