3186 4900
305 223 346 286 70

260 434 317 475 our
344 409 409 473 iam
436 409 596 495 Apuleius
625 432 686 495 pro
713 420 829 495 protus
858 409 988 495 saepius
1018 408 1114 491 dicit,
1136 408 1263 492 deque
1285 431 1320 472 re
1344 405 1394 472 cir

261 513 338 578 edit.
361 511 578 577 Hildebrand.
624 513 642 577 I
664 535 740 598 pag.
768 513 858 578 1008.

363 616 428 683 iii.
471 613 562 681 litut
583 617 619 680 in
641 616 673 680 A
695 616 867 698 omittitur,
902 638 961 680 neo
990 614 1085 698 mele,
1115 615 1172 680 sed
1195 616 1265 679 eius
1287 622 1394 678 tamen

261 719 387 783 codicis
423 719 525 784 solius
558 720 751 805 praesertim
779 719 959 784 auctoritas
992 727 1118 782 tantum
1147 718 1234 804 apud
1256 742 1307 784 me
1329 740 1394 782 non

261 823 357 904 valet,
380 832 417 887 ut
439 825 523 889 illuri
546 847 564 886 a
588 820 727 887 Sidonio
751 845 865 910 negem
889 823 1047 908 scriptum
1072 843 1155 886 esse.

365 1130 428 1216 Ep.
463 1131 515 1195 IV
550 1132 567 1192 t
598 1132 701 1216 (286).
746 1131 792 1196 Et
827 1153 895 1196 cum
929 1130 1015 1214 opud
1044 1131 1159 1196 crudos
1188 1151 1396 1216 ceparumque

264 1237 407 1318 crapulis
432 1237 605 1300 esculentos
630 1235 681 1298 lu’o
700 1246 778 1318 opat
796 1238 923 1321 culpus,
939 1237 1011 1316 illic
1026 1256 1063 1298 eo
1080 1236 1228 1298 coecitate
1245 1247 1397 1299 retroc-

266 1339 432 1415 tobc'tur·,
457 1361 494 1401 oc
517 1343 547 1401 ci
569 1340 656 1400 iuter
679 1336 815 1422 Apicios
839 1341 987 1422 epulones
1011 1337 1252 1424 ctheoutc'uos
1272 1339 1398 1402 citiro-

266 1453 473 1505 uooeuutac
498 1443 653 1526 hueusque
678 1444 870 1506 ructaverit.
906 1443 1070 1521 Attamen,
1094 1443 1198 1526 qualis
1214 1444 1283 1524 ipse
1299 1462 1398 1526 quou-

269 1555 377 1630 tusquo
401 1554 457 1622 cst,
473 1547 664 1631 percopiose
687 1566 734 1607 me
759 1543 860 1630 officii
881 1547 986 1608 votivi
1009 1554 1182 1630 compotem
1196 1545 1292 1626 fecit.
1333 1540 1398 1608 sect

268 1667 460 1731 quamquam
484 1647 701 1712 huiuscemodi
733 1669 825 1733 coepe
841 1669 1000 1734 personae
1023 1647 1290 1733 despicabiles
1313 1657 1399 1712 suut

258 1750 403 1834 ferme,
426 1753 461 1813 iu
485 1751 648 1815 sodalibus
672 1763 777 1814 touton
793 1773 856 1838 per
881 1755 1011 1816 litteras
1034 1752 1213 1816 eccolcudc's
1237 1749 1401 1836 dispendii

265 1855 401 1918 ocultum
436 1857 559 1917 caritas
592 1857 739 1934 sustinet,
772 1857 802 1917 ci
835 1855 873 1919 ab
907 1877 966 1919 usu
989 1854 1230 1942 frequentioris
1264 1855 1401 1938 alloquii

262 1958 467 2040 portitorum
489 1959 617 2022 oc'ie'tote
641 1970 817 2022 reuocetur.

371 2059 436 2124 242.
472 2058 679 2125 Retractobc't
667 2071 721 2122 tur
740 2083 779 2124 ex
798 2060 830 2124 A
843 2060 918 2126 HV
935 2083 1001 2124 non
1017 2060 1141 2124 veritus
1160 2081 1231 2123 sum
1249 2058 1402 2140 scribere,

270 2183 342 2226 eum
366 2159 405 2224 de
427 2162 540 2225 mutat'
518 2169 623 2226 trs-
648 2163 711 2227 hoc
734 2163 820 2226 enim
842 2184 877 2227 re
901 2162 1030 2249 syllaba
1052 2160 1181 2226 adiecta
1204 2184 1402 2246 expr1m1v1

271 2264 365 2328 detur
380 2303 421 2312 -
436 2262 527 2350 vulgi
550 2264 694 2329 moribus
718 2265 862 2351 scriptor
883 2265 995 2352 potius
1017 2288 1113 2350 quam
1135 2264 1288 2329 librarius
1312 2264 1403 2350 cogi-

270 2375 360 2431 tasse
383 2367 547 2446 videatur3
576 2369 777 2433 tractabitur
800 2366 1012 2433 Wouwerius
1037 2365 1231 2432 Sirmondus
1253 2367 1402 2454 Mignius

270 2469 410 2534 Baretus
434 2479 634 2556 receperunt.

375 2573 440 2639 243.
487 2571 758 2640 Chirouomuutas
786 2599 852 2640 non
879 2576 993 2641 dubito
1016 2574 1094 2659 quin
1119 2569 1276 2637 Sidonius
1300 2571 1405 2658 scrip-

274 2675 363 2756 serit,
387 2675 474 2740 sicut
494 2677 660 2742 Iuvenalis
684 2688 744 2743 set.
769 2680 787 2744 I
805 2683 836 2761 5,
859 2682 914 2744 121
944 2681 1207 2753 chironomuuto3
1230 2676 1265 2739 in
1280 2675 1314 2740 A
1325 2675 1359 2739 H
1372 2674 1405 2740 V

273 2785 370 2860 atque
397 2778 432 2841 in
457 2775 636 2845 Savaronis
660 2790 694 2846 et
717 2779 885 2847 Sirmondi
908 2782 1093 2869 Migniique
1116 2779 1315 2846 editionibus
1340 2781 1406 2843 clu'·

273 2895 492 2962 reuomentes,
512 2905 530 2944 a
553 2881 743 2950 Wouwerio
766 2885 1013 2950 Elmenhorstio
1036 2884 1156 2949 Bareto
1181 2883 1406 2949 chironoman-

275 2995 325 3047 tas
348 2985 506 3070 scripturn
529 2987 669 3072 repperi.

376 3089 441 3154 244.
485 3090 707 3175 Despicobe'ies
735 3103 809 3154 suut
827 3093 936 3175 ferme
964 3093 998 3155 in
1027 3090 1196 3158 AHVX
1222 3090 1343 3170 inveni,
1367 3112 1405 3152 ex

276 3184 591 3276 Zdecpc'ccbe'lcsst
601 3195 714 3280 fotius
737 3193 870 3258 Manius
899 3194 1001 3258 adnot
988 3194 1086 3272 tavit3
1115 3193 1204 3258 sed
1195 3217 1229 3258 m
1251 3193 1284 3258 V
1298 3192 1406 3276 ferme

275 3296 380 3381 prima
402 3320 496 3361 manu
522 3318 559 3359 ex
568 3298 692 3402 forme,
711 3297 775 3360 nisi
793 3296 900 3379 fallor,
919 3306 1101 3362 correctum
1120 3305 1180 3379 est,
1197 3297 1230 3361 in
1248 3296 1283 3362 H
1301 3304 1406 3359 autem

276 3401 362 3479 huie,
384 3407 421 3462 ut
443 3399 532 3464 videt
519 3407 581 3481 tur,
604 3369 720 3464 merido
745 3401 810 3464 alia
833 3401 958 3466 medela
980 3402 1107 3485 quaesit
1109 3425 1128 3465 a
1143 3400 1281 3486 singulis
1298 3398 1406 3464 verbis

277 3505 482 3590 superscript
484 3529 502 3566 a
525 3513 601 3568 sunt
622 3507 672 3568 uel
696 3508 745 3569 iis
769 3513 802 3568 et
824 3507 872 3568 cel
891 3506 1027 3611 forme.
1066 3506 1117 3570 Ex
1140 3527 1204 3589 quo
1229 3503 1317 3588 quod
1339 3501 1408 3566 effi-

277 3607 361 3672 citur
394 3607 602 3693 despicabilis
635 3618 710 3672 suut
739 3607 908 3689 sormce'
900 3630 934 3671 1n
966 3578 1011 3672 R
1031 3609 1189 3693 scriptum
1216 3612 1410 3691 receperunt

276 3708 541 3775 Wouwerius-
559 3711 690 3776 inverso
708 3719 816 3774 tamen
839 3709 895 3774 ille
913 3711 1029 3775 ordine
1051 3711 1260 3796 despicabilis
1274 3715 1408 3797 formae

278 3827 351 3880 suut
374 3854 414 3863 -
439 3812 634 3880 Sirmondus
657 3816 807 3880 Baretus.
853 3811 977 3880 Gallici
999 3815 1194 3901 interpretes
1217 3835 1409 3898 quamquam

254 3914 387 3984 ‘veram
420 3920 593 3985 lectionem
627 3919 808 4000 ediderunt,
837 3917 964 3998 falsam,
993 3925 1028 3981 ut
1056 3917 1173 3998 solent,
1196 3917 1229 3979 in
1253 3914 1408 3980 vertendo

215 4013 218 4018 ¹
278 4032 524 4109 expresseruntz
558 4023 750 4109 cependant‚
777 4023 917 4108 quoique
946 4022 995 4086 les
1018 4044 1098 4108 gens
1122 4021 1161 4084 de
1185 4027 1268 4086 cette
1291 4025 1409 4106 espeee

279 4128 367 4192 aient
390 4135 530 4192 souvent
550 4149 593 4190 un
617 4127 780 4190 exterieur
802 4124 1011 4210 meprisable.
1045 4124 1149 4189 Nulla
1171 4121 1325 4186 hocloco
1342 4123 1409 4186 oris

279 4231 469 4317 corporisve
501 4232 622 4297 mentio
657 4231 745 4295 facte
773 4237 824 4293 est
851 4236 906 4292 aut
935 4235 1010 4314 apte
1031 4227 1098 4309 fiet,
1120 4225 1314 4312 praesertim
1337 4246 1409 4290 cum
