3186 4900
1176 281 1237 344 109

150 484 189 549 de
223 487 422 571 scriptitatis
461 493 557 569 atque
590 484 687 548 etiam
719 487 889 569 scriptotis
928 485 1089 571 cogitavi,
1123 485 1200 569 quia
1233 486 1282 550 di·

150 601 233 654 serte
268 591 403 676 scriptis
437 612 456 652 a
488 587 609 652 Bareto
643 609 683 651 ex
710 587 745 652 N
773 587 911 676 allatum·
939 587 973 652 in
1001 588 1034 651 A
1067 595 1101 652 et
1133 585 1167 652 U
1200 611 1280 673 quo·

149 715 212 777 qne
244 693 385 778 repperi,
420 691 485 755 nisi
518 689 606 774 quod
639 697 718 777 post
755 691 792 754 di
824 690 934 755 littera
967 715 981 756 s
1015 712 1110 756 erasa
1144 699 1211 770 est3
1244 692 1278 756 in

149 795 265 861 ΗΕΖ
298 797 435 860 disserte
471 793 636 874 scribitur,
671 795 810 857 discrete
831 791 1043 858 Wonwerius
1078 817 1117 858 ex
1150 794 1281 860 duobus

150 899 245 964 libris
269 899 415 962 adnotat.
460 896 618 962 Mendum
652 897 823 984 archetypi
844 897 986 984 ‘scriptis
1010 919 1109 962 causa
1132 898 1195 962 fuit
1217 923 1283 963 ma-

149 1001 230 1065 ioris
255 1001 472 1086 corruptelae,
496 1023 570 1063 nam
592 1000 626 1063 iu
649 999 683 1064 H
706 1007 781 1064 ante
805 1001 942 1064 disserte
961 1021 1060 1086 super
1082 1000 1201 1065 lineam
1224 1002 1280 1066 ad-

151 1104 238 1167 ditur
261 1105 361 1168 sicet
383 1111 461 1190 post
483 1102 565 1166 illud
587 1101 721 1187 ponitur
750 1105 796 1182 in,
818 1102 852 1166 id
880 1125 1019 1188 quoque,
1041 1103 1074 1166 ni
1098 1103 1205 1186 fallor,
1228 1129 1283 1169 ex·

152 1215 271 1272 stremo
289 1229 385 1272 versu
403 1206 569 1292 posterius
582 1205 735 1290 inditum3
751 1206 826 1271 qu
843 1210 889 1270 sic
901 1207 1021 1270 diserte
1039 1209 1173 1292 scriptis
1190 1207 1282 1294 prius

150 1318 201 1375 cst
235 1310 403 1396 scriptum,
426 1314 461 1372 in
496 1317 569 1372 ante
598 1310 732 1394 scriptis
754 1316 872 1394 postca
895 1309 1053 1374 additum.
1098 1308 1282 1396 Utrumque

150 1412 405 1478 additamentum
429 1412 462 1474 in
487 1419 674 1476 contextum
697 1411 867 1476 verborum
893 1436 911 1475 a
934 1411 1084 1476 codicum
1102 1413 1200 1478 RZP
1219 1414 1283 1479 Pa·

149 1515 206 1578 ris.
230 1516 324 1596 2782,
348 1515 442 1596 2783,
465 1515 545 1578 9551
583 1513 800 1599 scriptoribus
829 1521 995 1600 receptum
1023 1514 1107 1578 male
1136 1515 1284 1580 defendit

151 1615 289 1699 Savaro,
323 1641 416 1703 quern
457 1616 603 1701 sequitur
631 1616 905 1682 Elmenhorstius.
933 1615 1144 1682 Wouwerius
1172 1641 1283 1703 quam·

149 1746 246 1807 quam
268 1723 302 1786 in
326 1720 537 1785 adnotatione
559 1743 671 1783 verum
700 1720 873 1806 approbat,
896 1720 1012 1784 falsam
1035 1720 1204 1785 meliorum
1228 1744 1283 1786 co·

150 1825 259 1891 dicum
281 1825 453 1890 lectionem
477 1825 561 1909 qaod
584 1825 704 1887 diserte
727 1826 862 1908 scriptis
885 1823 1012 1888 retinet.

252 1929 316 1994 377.
350 1927 550 2014 Suscipimas
574 1927 607 1990 in
631 1933 824 2012 suscepimus
848 1926 959 1991 nescio
983 1949 1047 2010 qua
1070 1927 1198 1992 ratione
1214 1951 1283 1991 mu-

150 2040 252 2097 tatum
276 2033 320 2096 sit
342 2033 375 2095 in
398 2029 584 2096 Wouwerii
608 2027 788 2094 Savaronis
811 2030 1046 2095 Elmenhorstii
1070 2030 1280 2096 editionibus.

150 2136 284 2217 Melius,
295 2135 443 2219 quemvis
466 2158 531 2198 nou
549 2135 654 2221 magis
673 2134 903 2216 necessarium,
916 2140 966 2198 est
978 2136 1180 2220 suspicimus,
1192 2133 1281 2218 quod

152 2264 189 2305 ex
212 2239 330 2305 iisdem
353 2247 448 2324 atque
471 2239 618 2303 scribitis
640 2237 723 2301 illud
745 2237 839 2303 libris
862 2236 1075 2303 Wouwerius
1100 2237 1216 2302 adfert.

254 2550 318 2636 Ep.
342 2549 396 2613 IX
419 2549 438 2611 3
462 2551 566 2634 (453).
617 2550 755 2612 Praeter·
789 2549 846 2612 boc
873 2552 947 2632 ipsa
974 2569 1060 2611 meos
1084 2560 1198 2611 nostra
1227 2551 1282 2613 dc-

150 2656 291 2717 mesticis
325 2653 377 2716 bic
407 2653 482 2717 inde
512 2653 691 2736 dispendiis
720 2653 831 2715 saucia
853 2654 946 2715 iacet.
991 2649 1079 2715 Nam
1098 2673 1158 2735 per·
1182 2652 1283 2735 officii

150 2761 327 2843 imapinem
348 2759 407 2836 oet,
431 2757 514 2843 quod
537 2768 582 2820 est
606 2757 725 2835 cerias,
738 2759 956 2819 necessitatem
972 2755 1038 2818 solo
1059 2758 1173 2838 patrio
1191 2777 1282 2818 eecc-

152 2861 296 2941 tess,bnc
313 2863 518 2945 relepotas
541 2862 671 2923 uariis
695 2880 1007 2945 quaquaversum
1022 2860 1203 2942 frunpor
1221 2883 1282 2921 ou-

150 2964 327 3048 poribus,
352 2966 427 3049 quia
458 2963 586 3047 potior*
606 2962 657 3024 bic
679 2959 880 3024 incommodo
898 2963 1083 3046 perepsini,
1105 2963 1178 3024 iilic
1194 2962 1281 3026 dam-

151 3091 195 3129 πα
215 3068 409 3152 proscripti.

255 3167 319 3232 378.
363 3168 417 3231 Ita
439 3166 524 3230 hunc
547 3166 654 3230 locum
677 3190 716 3230 ex
740 3166 888 3231 codicum
912 3166 1044 3231 indiciis
1069 3175 1156 3231 recte
1177 3191 1283 3231 emen-

152 3273 265 3337 datum
299 3270 404 3335 edidit
424 3269 636 3336 Wouwerius
660 3278 693 3335 et
714 3271 779 3334 iem
802 3279 887 3352 ante,
909 3279 945 3334 ut
967 3270 1105 3354 videtur,
1129 3271 1281 3335 Vinctus.

152 3375 194 3440 In
217 3377 249 3439 A
260 3373 294 3437 H
306 3373 337 3439 R
348 3371 381 3437 U
393 3374 427 3438 N
450 3374 556 3438 Paris.
581 3375 675 3455 2783,
699 3374 780 3437 3477
806 3377 864 3438 toc
887 3397 946 3460 pro
972 3375 1031 3439 bac
1048 3375 1282 3461 scriptumest,

153 3478 212 3544 sed
235 3501 274 3540 ex
297 3500 335 3541 eo
369 3477 402 3564 ip
426 3477 460 3541 H
494 3477 697 3541 correctione
733 3478 854 3542 facturn
878 3479 938 3543 bic.
996 3479 1173 3564 Releputac
1198 3478 1282 3542 falso

153 3580 348 3666 compendio
382 3580 415 3643 iu
448 3580 513 3643 fine
534 3579 647 3666 posito
671 3581 826 3645 scribitur
847 3581 880 3644 in
903 3579 1033 3662 AUF,
1057 3604 1096 3644 ex
1118 3581 1152 3645 N
1175 3580 1282 3645 Paris.

154 3685 249 3765 2783,
283 3684 365 3746 3477
390 3685 551 3768 relepatcs
579 3683 720 3746 Baretus
755 3683 899 3752 adnotat.
945 3684 985 3748 In
1018 3683 1161 3748 editione
1195 3684 1284 3768 prin-

154 3789 229 3873 cipe
262 3786 392 3851 videtur
426 3788 483 3850 boc
516 3789 678 3870 relepotas
712 3808 794 3851 esse.
840 3787 879 3851 In
913 3785 947 3850 H
970 3786 1073 3850 erasis
1102 3785 1175 3849 aliis
1199 3786 1284 3850 litte-

154 3891 201 3955 ris
226 3890 380 3954 scribitur
401 3893 541 3976 relepor,
564 3889 596 3953 in
621 3889 649 3953 F
673 3889 787 3954 codice
811 3890 863 3952 bic
885 3892 1014 3975 retcpor
1036 3913 1097 3974 pro
1111 3889 1202 3952 varia
1219 3889 1284 3953 lec-

154 3994 246 4056 tione
279 3993 434 4074 adfertur,
457 3994 490 4057 in
523 3992 591 4059 RZ
625 3991 1283 4077 Paris.stst,9551et,ut0pin0r,P

157 4097 257 4182 (2788
280 4097 419 4160 Barctus
445 4097 593 4179 adnotat)
624 4095 735 4160 eadem
763 4102 815 4158 est
836 4095 946 4176 lectio,
969 4095 1113 4173 eandem,
1136 4095 1283 4178 quamvis

156 4201 212 4264 vix
236 4199 366 4264 defendi
390 4201 509 4285 possit,
534 4196 658 4263 Savaro
682 4208 715 4262 et
732 4198 873 4262 Baretus
889 4205 1090 4284 receperunt.
1114 4197 1284 4282 Quaenam

156 4327 218 4392 pro
242 4323 368 4390 quoquo
390 4304 424 4368 in
447 4306 479 4368 A
500 4302 642 4390 repperi,
665 4300 801 4366 alterum
833 4323 962 4388 quoque
994 4325 1089 4388 quam
1116 4324 1176 4389 per
1198 4323 1283 4368 com·
