<?xml version="1.0" encoding="UTF-8"?>
<!DOCTYPE html PUBLIC "-//W3C//DTD XHTML 1.0 Transitional//EN"
    "http://www.w3.org/TR/xhtml1/DTD/xhtml1-transitional.dtd">
<html xmlns="http://www.w3.org/1999/xhtml" xml:lang="en" lang="en">
 <head>
  <title>
</title>
<meta http-equiv="Content-Type" content="text/html;charset=utf-8" />
  <meta name='ocr-system' content='tesseract 3.04.00' />
  <meta name='ocr-capabilities' content='ocr_page ocr_carea ocr_par ocr_line ocrx_word'/>
</head>
<body>
  <div class='ocr_page' id='page_1' title='image "./deapollinarisid00gustgoog_0081.png"; bbox 0 0 3186 4900; ppageno 0'>
   <div class='ocr_carea' id='block_1_1' title="bbox 295 221 336 288">
    <p class='ocr_par' dir='ltr' id='par_1_1' title="bbox 295 221 336 288">
     <span class='ocr_line' id='line_1_1' title="bbox 295 221 336 288; baseline 0 0"><span class='ocrx_word' id='word_1_1' title='bbox 295 221 336 288; x_wconf 78' lang='lat'>52</span> 
     </span>
    </p>
   </div>
   <div class='ocr_carea' id='block_1_2' title="bbox 202 413 1383 1640">
    <p class='ocr_par' dir='ltr' id='par_1_2' title="bbox 202 413 1382 810">
     <span class='ocr_line' id='line_1_2' title="bbox 202 413 1381 502; baseline 0.002 -26"><span class='ocrx_word' id='word_1_2' title='bbox 202 483 203 488; x_wconf 8' lang='grc' dir='ltr'>ἵ</span> <span class='ocrx_word' id='word_1_3' title='bbox 252 414 370 492; x_wconf 80' lang='lat' dir='ltr'>Quiuti</span> <span class='ocrx_word' id='word_1_4' title='bbox 392 413 577 500; x_wconf 77' lang='lat' dir='ltr'>Symmoobi</span> <span class='ocrx_word' id='word_1_5' title='bbox 598 415 843 495; x_wconf 74' lang='lat' dir='ltr'><em>rotunditatem,</em></span> <span class='ocrx_word' id='word_1_6' title='bbox 869 415 935 484; x_wconf 82' lang='lat' dir='ltr'>Gai</span> <span class='ocrx_word' id='word_1_7' title='bbox 960 415 1067 482; x_wconf 83' lang='lat' dir='ltr'>Pliuii</span> <span class='ocrx_word' id='word_1_8' title='bbox 1091 414 1298 502; x_wconf 75' lang='lat' dir='ltr'>disciplinam,</span> <span class='ocrx_word' id='word_1_9' title='bbox 1314 440 1381 479; x_wconf 88' lang='lat' dir='ltr'>mo·</span> 
     </span>
     <span class='ocr_line' id='line_1_3' title="bbox 253 518 1382 604; baseline 0.002 -24"><span class='ocrx_word' id='word_1_10' title='bbox 253 522 480 603; x_wconf 83' lang='lat' dir='ltr'>toritatemque</span> <span class='ocrx_word' id='word_1_11' title='bbox 508 522 655 604; x_wconf 72' lang='lat' dir='ltr'>eestiyiis</span> <span class='ocrx_word' id='word_1_12' title='bbox 673 524 945 604; x_wconf 77' lang='lat' dir='ltr'>praesumptiosis</span> <span class='ocrx_word' id='word_1_13' title='bbox 967 524 1179 586; x_wconf 82' lang='lat' dir='ltr'>insecuturus.</span> <span class='ocrx_word' id='word_1_14' title='bbox 1225 518 1382 584; x_wconf 87' lang='lat' dir='ltr'>Wouwe-</span> 
     </span>
     <span class='ocr_line' id='line_1_4' title="bbox 253 615 1381 708; baseline 0.001 -25"><span class='ocrx_word' id='word_1_15' title='bbox 253 621 320 684; x_wconf 86' lang='lat' dir='ltr'>rius</span> <span class='ocrx_word' id='word_1_16' title='bbox 346 615 539 685; x_wconf 85' lang='lat' dir='ltr'>Sirmondus</span> <span class='ocrx_word' id='word_1_17' title='bbox 562 621 712 706; x_wconf 85' lang='lat' dir='ltr'>Mignius</span> <span class='ocrx_word' id='word_1_18' title='bbox 735 621 876 686; x_wconf 82' lang='lat' dir='ltr'>Baretus</span> <span class='ocrx_word' id='word_1_19' title='bbox 907 623 969 689; x_wconf 88' lang='lat' dir='ltr'>boo</span> <span class='ocrx_word' id='word_1_20' title='bbox 993 646 1122 708; x_wconf 85' lang='lat' dir='ltr'>quoque</span> <span class='ocrx_word' id='word_1_21' title='bbox 1146 623 1231 704; x_wconf 76' lang='lat' dir='ltr'>loeo,</span> <span class='ocrx_word' id='word_1_22' title='bbox 1254 622 1294 687; x_wconf 87' lang='lat' dir='ltr'>de</span> <span class='ocrx_word' id='word_1_23' title='bbox 1317 645 1381 706; x_wconf 91' lang='lat' dir='ltr'>quo</span> 
     </span>
     <span class='ocr_line' id='line_1_5' title="bbox 252 725 813 810; baseline 0.005 -23"><span class='ocrx_word' id='word_1_24' title='bbox 252 747 338 788; x_wconf 88' lang='lat' dir='ltr'>nuno</span> <span class='ocrx_word' id='word_1_25' title='bbox 361 725 478 810; x_wconf 77' lang='lat' dir='ltr'>agitur,</span> <span class='ocrx_word' id='word_1_26' title='bbox 495 727 661 809; x_wconf 78' lang='lat' dir='ltr'>fleuerunt</span> <span class='ocrx_word' id='word_1_27' title='bbox 684 725 813 790; x_wconf 83' lang='lat' dir='ltr'>habent.</span> 
     </span>
    </p>

    <p class='ocr_par' dir='ltr' id='par_1_3' title="bbox 251 829 1383 1640">
     <span class='ocr_line' id='line_1_6' title="bbox 355 829 1382 916; baseline 0.001 -23"><span class='ocrx_word' id='word_1_28' title='bbox 355 829 418 894; x_wconf 74' lang='grc'><strong>177.</strong></span> <span class='ocrx_word' id='word_1_29' title='bbox 463 829 503 892; x_wconf 72' lang='lat' dir='ltr'>Ii]</span> <span class='ocrx_word' id='word_1_30' title='bbox 525 829 640 892; x_wconf 81' lang='lat' dir='ltr'>ultimo</span> <span class='ocrx_word' id='word_1_31' title='bbox 663 830 824 894; x_wconf 85' lang='lat' dir='ltr'>sententia</span> <span class='ocrx_word' id='word_1_32' title='bbox 847 838 921 894; x_wconf 80' lang='lat' dir='ltr'>ante</span> <span class='ocrx_word' id='word_1_33' title='bbox 949 831 1049 896; x_wconf 78' lang='lat' dir='ltr'>verba</span> <span class='ocrx_word' id='word_1_34' title='bbox 1077 853 1268 916; x_wconf 80' lang='lat' dir='ltr'>quemquem</span> <span class='ocrx_word' id='word_1_35' title='bbox 1296 833 1382 894; x_wconf 85' lang='lat' dir='ltr'>iure-</span> 
     </span>
     <span class='ocr_line' id='line_1_7' title="bbox 251 930 1382 998; baseline 0.002 -4"><span class='ocrx_word' id='word_1_36' title='bbox 251 938 303 996; x_wconf 86' lang='lat' dir='ltr'>uis</span> <span class='ocrx_word' id='word_1_37' title='bbox 326 932 359 996; x_wconf 85' lang='lat' dir='ltr'>in</span> <span class='ocrx_word' id='word_1_38' title='bbox 382 930 566 998; x_wconf 87' lang='lat' dir='ltr'>Wouwerii</span> <span class='ocrx_word' id='word_1_39' title='bbox 589 931 733 996; x_wconf 80' lang='lat' dir='ltr'>editione</span> <span class='ocrx_word' id='word_1_40' title='bbox 756 931 955 997; x_wconf 80' lang='lat' dir='ltr'>inculcatum</span> <span class='ocrx_word' id='word_1_41' title='bbox 984 940 1035 997; x_wconf 87' lang='lat' dir='ltr'>est</span> <span class='ocrx_word' id='word_1_42' title='bbox 1069 935 1119 996; x_wconf 86' lang='lat' dir='ltr'>bis</span> <span class='ocrx_word' id='word_1_43' title='bbox 1150 955 1275 998; x_wconf 91' lang='lat' dir='ltr'>morum</span> <span class='ocrx_word' id='word_1_44' title='bbox 1298 934 1382 997; x_wconf 90' lang='lat' dir='ltr'>doti-</span> 
     </span>
     <span class='ocr_line' id='line_1_8' title="bbox 253 1032 1381 1122; baseline 0 -22"><span class='ocrx_word' id='word_1_45' title='bbox 253 1036 308 1100; x_wconf 82' lang='lat' dir='ltr'>bus</span> <span class='ocrx_word' id='word_1_46' title='bbox 331 1043 364 1100; x_wconf 87' lang='lat' dir='ltr'>et</span> <span class='ocrx_word' id='word_1_47' title='bbox 386 1043 464 1122; x_wconf 87' lang='lat' dir='ltr'>post</span> <span class='ocrx_word' id='word_1_48' title='bbox 486 1035 543 1100; x_wconf 81' lang='lat' dir='ltr'>illa</span> <span class='ocrx_word' id='word_1_49' title='bbox 566 1047 597 1100; x_wconf 95' lang='lat' dir='ltr'>et</span> <span class='ocrx_word' id='word_1_50' title='bbox 619 1035 775 1099; x_wconf 84' lang='lat' dir='ltr'>additum.</span> <span class='ocrx_word' id='word_1_51' title='bbox 822 1032 915 1117; x_wconf 76' lang='lat' dir='ltr'>Quae</span> <span class='ocrx_word' id='word_1_52' title='bbox 938 1036 1023 1100; x_wconf 86' lang='lat' dir='ltr'>idem</span> <span class='ocrx_word' id='word_1_53' title='bbox 1046 1037 1098 1101; x_wconf 90' lang='lat' dir='ltr'>vir</span> <span class='ocrx_word' id='word_1_54' title='bbox 1120 1035 1236 1100; x_wconf 86' lang='lat' dir='ltr'>doctus</span> <span class='ocrx_word' id='word_1_55' title='bbox 1257 1036 1381 1122; x_wconf 84' lang='lat' dir='ltr'>pleros-</span> 
     </span>
     <span class='ocr_line' id='line_1_9' title="bbox 251 1139 1381 1225; baseline 0.001 -22"><span class='ocrx_word' id='word_1_56' title='bbox 251 1163 313 1225; x_wconf 88' lang='lat' dir='ltr'>que</span> <span class='ocrx_word' id='word_1_57' title='bbox 336 1141 579 1225; x_wconf 82' lang='lat' dir='ltr'>manusoriptos</span> <span class='ocrx_word' id='word_1_58' title='bbox 603 1139 791 1225; x_wconf 80' lang='lat' dir='ltr'>&#39;’ignorare&#39;&#39;</span> <span class='ocrx_word' id='word_1_59' title='bbox 815 1141 995 1221; x_wconf 81' lang='lat' dir='ltr'>confirmat,</span> <span class='ocrx_word' id='word_1_60' title='bbox 1009 1162 1112 1224; x_wconf 86' lang='lat' dir='ltr'>neque</span> <span class='ocrx_word' id='word_1_61' title='bbox 1131 1139 1165 1202; x_wconf 90' lang='lat' dir='ltr'>in</span> <span class='ocrx_word' id='word_1_62' title='bbox 1183 1139 1254 1204; x_wconf 89' lang='lat' dir='ltr'>AH</span> <span class='ocrx_word' id='word_1_63' title='bbox 1268 1139 1381 1204; x_wconf 82' lang='lat' dir='ltr'>RZV</span> 
     </span>
     <span class='ocr_line' id='line_1_10' title="bbox 252 1238 1382 1327; baseline -0.001 -20"><span class='ocrx_word' id='word_1_64' title='bbox 252 1242 376 1307; x_wconf 87' lang='lat' dir='ltr'>UXY</span> <span class='ocrx_word' id='word_1_65' title='bbox 399 1251 538 1307; x_wconf 81' lang='lat' dir='ltr'>exstant.</span> <span class='ocrx_word' id='word_1_66' title='bbox 585 1238 643 1306; x_wconf 83' lang='lat' dir='ltr'>Sic</span> <span class='ocrx_word' id='word_1_67' title='bbox 677 1241 792 1306; x_wconf 81' lang='lat' dir='ltr'>saltem</span> <span class='ocrx_word' id='word_1_68' title='bbox 827 1243 927 1307; x_wconf 85' lang='lat' dir='ltr'><strong>scribi</strong></span> <span class='ocrx_word' id='word_1_69' title='bbox 962 1242 1125 1327; x_wconf 84' lang='lat' dir='ltr'>oportuit:</span> <span class='ocrx_word' id='word_1_70' title='bbox 1153 1244 1327 1326; x_wconf 71' lang='lat' dir='ltr'>proeditus</span> <span class='ocrx_word' id='word_1_71' title='bbox 1350 1265 1382 1306; x_wconf 89' lang='lat' dir='ltr'>es</span> 
     </span>
     <span class='ocr_line' id='line_1_11' title="bbox 253 1346 1383 1432; baseline 0.001 -23"><span class='ocrx_word' id='word_1_72' title='bbox 253 1347 302 1410; x_wconf 88' lang='lat' dir='ltr'>bis</span> <span class='ocrx_word' id='word_1_73' title='bbox 324 1369 450 1411; x_wconf 90' lang='lat' dir='ltr'>morum</span> <span class='ocrx_word' id='word_1_74' title='bbox 473 1346 601 1411; x_wconf 85' lang='lat' dir='ltr'>dotibus</span> <span class='ocrx_word' id='word_1_75' title='bbox 625 1358 659 1410; x_wconf 91' lang='lat' dir='ltr'>et</span> <span class='ocrx_word' id='word_1_76' title='bbox 682 1367 873 1432; x_wconf 82' lang='lat' dir='ltr'>quamquam</span> <span class='ocrx_word' id='word_1_77' title='bbox 895 1349 1020 1411; x_wconf 77' lang='lat' dir='ltr'>iuuenis</span> <span class='ocrx_word' id='word_1_78' title='bbox 1045 1347 1104 1410; x_wconf 85' lang='lat' dir='ltr'>hoe</span> <span class='ocrx_word' id='word_1_79' title='bbox 1127 1349 1230 1409; x_wconf 84' lang='lat' dir='ltr'>enimi</span> <span class='ocrx_word' id='word_1_80' title='bbox 1246 1351 1383 1410; x_wconf 91' lang='lat' dir='ltr'>moturi-</span> 
     </span>
     <span class='ocr_line' id='line_1_12' title="bbox 252 1445 1383 1537; baseline 0 -23"><span class='ocrx_word' id='word_1_81' title='bbox 252 1461 329 1514; x_wconf 88' lang='lat' dir='ltr'>tete.</span> <span class='ocrx_word' id='word_1_82' title='bbox 375 1445 441 1514; x_wconf 87' lang='lat' dir='ltr'>Sed</span> <span class='ocrx_word' id='word_1_83' title='bbox 464 1473 501 1514; x_wconf 90' lang='lat' dir='ltr'>ex</span> <span class='ocrx_word' id='word_1_84' title='bbox 526 1473 576 1536; x_wconf 86' lang='lat' dir='ltr'>ep.</span> <span class='ocrx_word' id='word_1_85' title='bbox 601 1449 638 1513; x_wconf 90' lang='lat' dir='ltr'>II</span> <span class='ocrx_word' id='word_1_86' title='bbox 661 1451 680 1511; x_wconf 81' lang='grc'><strong>6</strong></span> <span class='ocrx_word' id='word_1_87' title='bbox 704 1451 797 1537; x_wconf 77' lang='lat'>(219)</span> <span class='ocrx_word' id='word_1_88' title='bbox 822 1461 851 1513; x_wconf 89' lang='lat' dir='ltr'>et</span> <span class='ocrx_word' id='word_1_89' title='bbox 875 1450 925 1514; x_wconf 89' lang='lat' dir='ltr'>bis</span> <span class='ocrx_word' id='word_1_90' title='bbox 947 1471 1073 1513; x_wconf 87' lang='lat' dir='ltr'>morum</span> <span class='ocrx_word' id='word_1_91' title='bbox 1095 1449 1225 1514; x_wconf 88' lang='lat' dir='ltr'>dotibus</span> <span class='ocrx_word' id='word_1_92' title='bbox 1247 1453 1383 1535; x_wconf 78' lang='lat' dir='ltr'>preudi-</span> 
     </span>
     <span class='ocr_line' id='line_1_13' title="bbox 253 1551 1049 1640; baseline -0.003 -22"><span class='ocrx_word' id='word_1_93' title='bbox 253 1565 303 1618; x_wconf 91' lang='lat' dir='ltr'>tus</span> <span class='ocrx_word' id='word_1_94' title='bbox 326 1554 396 1617; x_wconf 83' lang='lat' dir='ltr'>sine</span> <span class='ocrx_word' id='word_1_95' title='bbox 419 1553 519 1619; x_wconf 88' lang='lat' dir='ltr'>dubio</span> <span class='ocrx_word' id='word_1_96' title='bbox 543 1552 606 1617; x_wconf 87' lang='lat' dir='ltr'>hoe</span> <span class='ocrx_word' id='word_1_97' title='bbox 629 1551 883 1616; x_wconf 77' lang='lat' dir='ltr'>additamentum</span> <span class='ocrx_word' id='word_1_98' title='bbox 906 1553 1049 1640; x_wconf 79' lang='lat' dir='ltr'>irrepsit.</span> 
     </span>
    </p>
   </div>
   <div class='ocr_carea' id='block_1_3' title="bbox 252 1807 1384 2312">
    <p class='ocr_par' dir='ltr' id='par_1_4' title="bbox 252 1807 1384 2209">
     <span class='ocr_line' id='line_1_14' title="bbox 354 1807 1382 1901; baseline 0.002 -25"><span class='ocrx_word' id='word_1_99' title='bbox 354 1811 418 1897; x_wconf 77' lang='lat' dir='ltr'>Ep.</span> <span class='ocrx_word' id='word_1_100' title='bbox 442 1811 480 1876; x_wconf 95' lang='grc' dir='ltr'>ΙΙ</span> <span class='ocrx_word' id='word_1_101' title='bbox 506 1812 543 1874; x_wconf 79' lang='lat'>12</span> <span class='ocrx_word' id='word_1_102' title='bbox 568 1811 670 1898; x_wconf 78' lang='lat'>(227).</span> <span class='ocrx_word' id='word_1_103' title='bbox 702 1807 795 1876; x_wconf 86' lang='lat' dir='ltr'>Certe</span> <span class='ocrx_word' id='word_1_104' title='bbox 819 1834 876 1899; x_wconf 71' lang='lat' dir='ltr'>eye</span> <span class='ocrx_word' id='word_1_105' title='bbox 899 1815 949 1877; x_wconf 87' lang='lat' dir='ltr'>uel</span> <span class='ocrx_word' id='word_1_106' title='bbox 973 1825 1027 1876; x_wconf 85' lang='lat' dir='ltr'>tue</span> <span class='ocrx_word' id='word_1_107' title='bbox 1051 1835 1146 1877; x_wconf 91' lang='lat' dir='ltr'>soror</span> <span class='ocrx_word' id='word_1_108' title='bbox 1167 1817 1256 1876; x_wconf 86' lang='lat' dir='ltr'>iuter</span> <span class='ocrx_word' id='word_1_109' title='bbox 1281 1835 1382 1901; x_wconf 83' lang='lat' dir='ltr'>spem</span> 
     </span>
     <span class='ocr_line' id='line_1_15' title="bbox 252 1915 1384 2003; baseline 0.001 -24"><span class='ocrx_word' id='word_1_110' title='bbox 252 1926 463 1999; x_wconf 83' lang='lat' dir='ltr'>metumque</span> <span class='ocrx_word' id='word_1_111' title='bbox 487 1916 633 2000; x_wconf 79' lang='lat' dir='ltr'>suspensi</span> <span class='ocrx_word' id='word_1_112' title='bbox 656 1915 853 1980; x_wconf 74' lang='lat' dir='ltr'>credidimus</span> <span class='ocrx_word' id='word_1_113' title='bbox 876 1918 944 1980; x_wconf 88' lang='lat' dir='ltr'>eius</span> <span class='ocrx_word' id='word_1_114' title='bbox 974 1917 1119 1981; x_wconf 84' lang='lat' dir='ltr'>taedium</span> <span class='ocrx_word' id='word_1_115' title='bbox 1142 1919 1331 2003; x_wconf 73' lang='lat' dir='ltr'>ouqeudum</span> <span class='ocrx_word' id='word_1_116' title='bbox 1354 1922 1384 1980; x_wconf 88' lang='lat' dir='ltr'>si</span> 
     </span>
     <span class='ocr_line' id='line_1_16' title="bbox 253 2018 1380 2108; baseline -0.001 -24"><span class='ocrx_word' id='word_1_117' title='bbox 253 2023 456 2085; x_wconf 84' lang='lat' dir='ltr'>ooiuutati</span> <span class='ocrx_word' id='word_1_118' title='bbox 477 2021 615 2081; x_wconf 80' lang='lat' dir='ltr'>iacentis</span> <span class='ocrx_word' id='word_1_119' title='bbox 639 2018 880 2084; x_wconf 73' lang='lat' dir='ltr'>obstitissemus.</span> <span class='ocrx_word' id='word_1_120' title='bbox 917 2019 1033 2105; x_wconf 85' lang='lat' dir='ltr'>(Dicta</span> <span class='ocrx_word' id='word_1_121' title='bbox 1054 2027 1107 2084; x_wconf 87' lang='lat' dir='ltr'>est</span> <span class='ocrx_word' id='word_1_122' title='bbox 1129 2018 1187 2083; x_wconf 83' lang='lat' dir='ltr'>illa</span> <span class='ocrx_word' id='word_1_123' title='bbox 1210 2030 1324 2108; x_wconf 83' lang='lat' dir='ltr'>optare</span> <span class='ocrx_word' id='word_1_124' title='bbox 1348 2022 1380 2084; x_wconf 88' lang='lat' dir='ltr'>io</span> 
     </span>
     <span class='ocr_line' id='line_1_17' title="bbox 255 2121 1120 2209; baseline -0.001 -22"><span class='ocrx_word' id='word_1_125' title='bbox 255 2123 474 2187; x_wconf 81' lang='lat' dir='ltr'>suburbanum</span> <span class='ocrx_word' id='word_1_126' title='bbox 498 2122 585 2185; x_wconf 86' lang='lat' dir='ltr'>exire</span> <span class='ocrx_word' id='word_1_127' title='bbox 609 2131 641 2185; x_wconf 89' lang='lat' dir='ltr'>et</span> <span class='ocrx_word' id='word_1_128' title='bbox 664 2121 749 2185; x_wconf 85' lang='lat' dir='ltr'>ruris</span> <span class='ocrx_word' id='word_1_129' title='bbox 773 2146 885 2186; x_wconf 79' lang='lat' dir='ltr'>auram</span> <span class='ocrx_word' id='word_1_130' title='bbox 908 2121 1120 2209; x_wconf 83' lang='lat' dir='ltr'>desiderare).</span> 
     </span>
    </p>

    <p class='ocr_par' dir='ltr' id='par_1_5' title="bbox 357 2225 1380 2312">
     <span class='ocr_line' id='line_1_18' title="bbox 357 2225 1380 2312; baseline -0.001 -21"><span class='ocrx_word' id='word_1_131' title='bbox 357 2227 421 2291; x_wconf 81' lang='grc'><strong>777.</strong></span> <span class='ocrx_word' id='word_1_132' title='bbox 466 2225 564 2312; x_wconf 80' lang='lat' dir='ltr'>Spem</span> <span class='ocrx_word' id='word_1_133' title='bbox 592 2236 628 2288; x_wconf 93' lang='lat' dir='ltr'>et</span> <span class='ocrx_word' id='word_1_134' title='bbox 654 2236 772 2289; x_wconf 88' lang='lat' dir='ltr'>metum</span> <span class='ocrx_word' id='word_1_135' title='bbox 794 2226 826 2288; x_wconf 90' lang='lat' dir='ltr'><strong>A</strong></span> <span class='ocrx_word' id='word_1_136' title='bbox 850 2225 940 2289; x_wconf 84' lang='lat' dir='ltr'>solus</span> <span class='ocrx_word' id='word_1_137' title='bbox 964 2226 1072 2308; x_wconf 82' lang='lat' dir='ltr'>habet,</span> <span class='ocrx_word' id='word_1_138' title='bbox 1096 2248 1183 2312; x_wconf 81' lang='lat' dir='ltr'>spem</span> <span class='ocrx_word' id='word_1_139' title='bbox 1204 2239 1380 2312; x_wconf 79' lang='lat' dir='ltr'>metumque</span> 
     </span>
    </p>
   </div>
   <div class='ocr_carea' id='block_1_4' title="bbox 253 2326 757 2410">
    <p class='ocr_par' dir='ltr' id='par_1_6' title="bbox 253 2326 757 2410">
     <span class='ocr_line' id='line_1_19' title="bbox 253 2326 757 2410; baseline -0.008 -16"><span class='ocrx_word' id='word_1_140' title='bbox 253 2329 287 2394; x_wconf 94' lang='lat' dir='ltr'><strong>H</strong></span> <span class='ocrx_word' id='word_1_141' title='bbox 299 2329 330 2394; x_wconf 87' lang='lat' dir='ltr'><strong>R</strong></span> <span class='ocrx_word' id='word_1_142' title='bbox 344 2329 369 2392; x_wconf 88' lang='lat' dir='ltr'><strong>Z</strong></span> <span class='ocrx_word' id='word_1_143' title='bbox 382 2328 415 2393; x_wconf 92' lang='lat' dir='ltr'>V</span> <span class='ocrx_word' id='word_1_144' title='bbox 426 2327 472 2410; x_wconf 83' lang='lat' dir='ltr'>X,</span> <span class='ocrx_word' id='word_1_145' title='bbox 496 2328 583 2392; x_wconf 85' lang='lat' dir='ltr'>siout</span> <span class='ocrx_word' id='word_1_146' title='bbox 605 2326 757 2392; x_wconf 83' lang='lat' dir='ltr'>editores.</span> 
     </span>
    </p>
   </div>
   <div class='ocr_carea' id='block_1_5' title="bbox 253 2399 1383 2726">
    <p class='ocr_par' dir='ltr' id='par_1_7' title="bbox 253 2399 1383 2726">
     <span class='ocr_line' id='line_1_20' title="bbox 357 2399 1383 2518; baseline 0 -22"><span class='ocrx_word' id='word_1_147' title='bbox 357 2433 420 2497; x_wconf 81' lang='grc'><strong>778.</strong></span> <span class='ocrx_word' id='word_1_148' title='bbox 461 2429 630 2518; x_wconf 73' lang='lat' dir='ltr'>Voluptati</span> <span class='ocrx_word' id='word_1_149' title='bbox 651 2431 742 2495; x_wconf 82' lang='lat' dir='ltr'>nulla</span> <span class='ocrx_word' id='word_1_150' title='bbox 765 2454 865 2496; x_wconf 79' lang='lat' dir='ltr'>eausa</span> <span class='ocrx_word' id='word_1_151' title='bbox 880 2399 931 2496; x_wconf 67' lang='lat' dir='ltr'>osb</span> <span class='ocrx_word' id='word_1_152' title='bbox 949 2455 1005 2496; x_wconf 88' lang='lat' dir='ltr'>our</span> <span class='ocrx_word' id='word_1_153' title='bbox 1029 2433 1219 2516; x_wconf 74' lang='lat' dir='ltr'>scribamus,</span> <span class='ocrx_word' id='word_1_154' title='bbox 1232 2434 1318 2518; x_wconf 87' lang='lat' dir='ltr'>quod</span> <span class='ocrx_word' id='word_1_155' title='bbox 1338 2434 1383 2497; x_wconf 87' lang='lat' dir='ltr'>fe-</span> 
     </span>
     <span class='ocr_line' id='line_1_21' title="bbox 254 2531 1383 2625; baseline -0.001 -25"><span class='ocrx_word' id='word_1_156' title='bbox 254 2544 368 2600; x_wconf 83' lang='lat' dir='ltr'>ceruut</span> <span class='ocrx_word' id='word_1_157' title='bbox 392 2531 587 2600; x_wconf 83' lang='lat' dir='ltr'>Sirmondus</span> <span class='ocrx_word' id='word_1_158' title='bbox 605 2535 754 2620; x_wconf 83' lang='lat' dir='ltr'>Mignius</span> <span class='ocrx_word' id='word_1_159' title='bbox 772 2535 930 2616; x_wconf 80' lang='lat' dir='ltr'>Boretus3</span> <span class='ocrx_word' id='word_1_160' title='bbox 953 2559 1026 2599; x_wconf 73' lang='lat' dir='ltr'>narii</span> <span class='ocrx_word' id='word_1_161' title='bbox 1048 2540 1212 2603; x_wconf 87' lang='lat' dir='ltr'>ooiuutoti</span> <span class='ocrx_word' id='word_1_162' title='bbox 1233 2539 1265 2601; x_wconf 87' lang='lat' dir='ltr'>iu</span> <span class='ocrx_word' id='word_1_163' title='bbox 1285 2539 1315 2600; x_wconf 82' lang='lat' dir='ltr'>A</span> <span class='ocrx_word' id='word_1_164' title='bbox 1329 2540 1383 2625; x_wconf 87' lang='lat' dir='ltr'>(ox</span> 
     </span>
     <span class='ocr_line' id='line_1_22' title="bbox 253 2638 1145 2726; baseline 0.001 -22"><span class='ocrx_word' id='word_1_165' title='bbox 253 2643 418 2705; x_wconf 81' lang='lat' dir='ltr'>volumtate</span> <span class='ocrx_word' id='word_1_166' title='bbox 442 2641 640 2725; x_wconf 79' lang='lat' dir='ltr'>correctum)</span> <span class='ocrx_word' id='word_1_167' title='bbox 662 2638 880 2707; x_wconf 75' lang='lat' dir='ltr'>HRZVFX</span> <span class='ocrx_word' id='word_1_168' title='bbox 905 2640 1062 2726; x_wconf 80' lang='lat' dir='ltr'>seriptum</span> <span class='ocrx_word' id='word_1_169' title='bbox 1086 2651 1145 2706; x_wconf 85' lang='lat' dir='ltr'>ost.</span> 
     </span>
    </p>
   </div>
   <div class='ocr_carea' id='block_1_6' title="bbox 249 2894 1385 4317">
    <p class='ocr_par' dir='ltr' id='par_1_8' title="bbox 249 2894 1385 4005">
     <span class='ocr_line' id='line_1_23' title="bbox 356 2894 1384 2987; baseline 0.001 -25"><span class='ocrx_word' id='word_1_170' title='bbox 356 2898 419 2984; x_wconf 78' lang='lat' dir='ltr'>Ep.</span> <span class='ocrx_word' id='word_1_171' title='bbox 444 2897 481 2961; x_wconf 92' lang='lat' dir='ltr'>II</span> <span class='ocrx_word' id='word_1_172' title='bbox 505 2900 545 2962; x_wconf 83' lang='lat'>13</span> <span class='ocrx_word' id='word_1_173' title='bbox 569 2897 671 2982; x_wconf 79' lang='lat'>(229).</span> <span class='ocrx_word' id='word_1_174' title='bbox 717 2894 803 2960; x_wconf 89' lang='lat' dir='ltr'>Nam</span> <span class='ocrx_word' id='word_1_175' title='bbox 826 2899 909 2962; x_wconf 81' lang='lat' dir='ltr'>sieut</span> <span class='ocrx_word' id='word_1_176' title='bbox 933 2899 1115 2964; x_wconf 86' lang='lat' dir='ltr'>boruiuibus</span> <span class='ocrx_word' id='word_1_177' title='bbox 1134 2912 1238 2987; x_wconf 68' lang='lat' dir='ltr'>reyes,</span> <span class='ocrx_word' id='word_1_178' title='bbox 1261 2902 1311 2963; x_wconf 88' lang='lat' dir='ltr'>ito</span> <span class='ocrx_word' id='word_1_179' title='bbox 1334 2921 1384 2963; x_wconf 93' lang='lat' dir='ltr'>re-</span> 
     </span>
     <span class='ocr_line' id='line_1_24' title="bbox 254 3001 1383 3088; baseline -0.002 -20"><span class='ocrx_word' id='word_1_180' title='bbox 254 3005 347 3088; x_wconf 72' lang='lat' dir='ltr'>qibue</span> <span class='ocrx_word' id='word_1_181' title='bbox 370 3001 563 3067; x_wconf 86' lang='lat' dir='ltr'>doruiueudi</span> <span class='ocrx_word' id='word_1_182' title='bbox 590 3001 756 3064; x_wconf 86' lang='lat' dir='ltr'>desiderio</span> <span class='ocrx_word' id='word_1_183' title='bbox 782 3002 1003 3066; x_wconf 89' lang='lat' dir='ltr'>domiuautur.</span> <span class='ocrx_word' id='word_1_184' title='bbox 1050 3001 1116 3068; x_wconf 87' lang='lat' dir='ltr'>Hie</span> <span class='ocrx_word' id='word_1_185' title='bbox 1143 3009 1173 3068; x_wconf 91' lang='lat' dir='ltr'>si</span> <span class='ocrx_word' id='word_1_186' title='bbox 1198 3008 1383 3068; x_wconf 88' lang='lat' dir='ltr'>omittemus</span> 
     </span>
     <span class='ocr_line' id='line_1_25' title="bbox 255 3107 1382 3190; baseline -0.001 -19"><span class='ocrx_word' id='word_1_187' title='bbox 255 3107 509 3171; x_wconf 86' lang='lat' dir='ltr'>outeoedeutium</span> <span class='ocrx_word' id='word_1_188' title='bbox 529 3107 717 3190; x_wconf 79' lang='lat' dir='ltr'>prircipum</span> <span class='ocrx_word' id='word_1_189' title='bbox 741 3126 830 3170; x_wconf 82' lang='lat' dir='ltr'>casus</span> <span class='ocrx_word' id='word_1_190' title='bbox 858 3109 908 3170; x_wconf 86' lang='lat' dir='ltr'>oet</span> <span class='ocrx_word' id='word_1_191' title='bbox 942 3118 1171 3188; x_wconf 77' lang='lat' dir='ltr'>secutorum,</span> <span class='ocrx_word' id='word_1_192' title='bbox 1195 3110 1280 3172; x_wconf 83' lang='lat' dir='ltr'>seius</span> <span class='ocrx_word' id='word_1_193' title='bbox 1307 3109 1382 3170; x_wconf 83' lang='lat' dir='ltr'>iste</span> 
     </span>
     <span class='ocr_line' id='line_1_26' title="bbox 250 3211 1382 3298; baseline -0.001 -23"><span class='ocrx_word' id='word_1_194' title='bbox 250 3212 476 3298; x_wconf 80' lang='lat' dir='ltr'>peculiaris</span> <span class='ocrx_word' id='word_1_195' title='bbox 506 3220 577 3272; x_wconf 88' lang='lat' dir='ltr'>tuus</span> <span class='ocrx_word' id='word_1_196' title='bbox 603 3211 766 3272; x_wconf 72' lang='lat' dir='ltr'>Maximus</span> <span class='ocrx_word' id='word_1_197' title='bbox 788 3213 928 3274; x_wconf 80' lang='lat' dir='ltr'>marimo</span> <span class='ocrx_word' id='word_1_198' title='bbox 961 3211 1055 3275; x_wconf 87' lang='lat' dir='ltr'>uobis</span> <span class='ocrx_word' id='word_1_199' title='bbox 1090 3213 1138 3276; x_wconf 87' lang='lat' dir='ltr'>ed</span> <span class='ocrx_word' id='word_1_200' title='bbox 1171 3214 1254 3275; x_wconf 86' lang='lat' dir='ltr'>isto</span> <span class='ocrx_word' id='word_1_201' title='bbox 1288 3211 1382 3276; x_wconf 86' lang='lat' dir='ltr'>deeu-</span> 
     </span>
     <span class='ocr_line' id='line_1_27' title="bbox 254 3311 1383 3402; baseline 0 -23"><span class='ocrx_word' id='word_1_202' title='bbox 254 3326 359 3379; x_wconf 90' lang='lat' dir='ltr'>meuto</span> <span class='ocrx_word' id='word_1_203' title='bbox 378 3316 505 3399; x_wconf 76' lang='lat' dir='ltr'>poterit</span> <span class='ocrx_word' id='word_1_204' title='bbox 528 3333 602 3376; x_wconf 84' lang='lat' dir='ltr'>esse.</span> <span class='ocrx_word' id='word_1_205' title='bbox 648 3311 713 3392; x_wconf 80' lang='lat' dir='ltr'>Qui</span> <span class='ocrx_word' id='word_1_206' title='bbox 735 3334 925 3399; x_wconf 81' lang='lat' dir='ltr'>quemquem</span> <span class='ocrx_word' id='word_1_207' title='bbox 949 3317 984 3378; x_wconf 89' lang='lat' dir='ltr'>iu</span> <span class='ocrx_word' id='word_1_208' title='bbox 1009 3337 1116 3378; x_wconf 80' lang='lat' dir='ltr'>ortem</span> <span class='ocrx_word' id='word_1_209' title='bbox 1129 3315 1383 3402; x_wconf 81' lang='lat' dir='ltr'>praefectoriam</span> 
     </span>
     <span class='ocr_line' id='line_1_28' title="bbox 249 3419 1383 3506; baseline -0.001 -24"><span class='ocrx_word' id='word_1_210' title='bbox 249 3421 432 3504; x_wconf 76' lang='lat' dir='ltr'>patritiam</span> <span class='ocrx_word' id='word_1_211' title='bbox 466 3419 723 3503; x_wconf 78' lang='lat' dir='ltr'>consularemque</span> <span class='ocrx_word' id='word_1_212' title='bbox 751 3419 935 3505; x_wconf 80' lang='lat' dir='ltr'>intrepidus</span> <span class='ocrx_word' id='word_1_213' title='bbox 958 3419 1146 3483; x_wconf 86' lang='lat' dir='ltr'>oseeuderet</span> <span class='ocrx_word' id='word_1_214' title='bbox 1169 3440 1278 3506; x_wconf 80' lang='lat' dir='ltr'>eosque</span> <span class='ocrx_word' id='word_1_215' title='bbox 1307 3439 1383 3503; x_wconf 81' lang='lat' dir='ltr'>ques</span> 
     </span>
     <span class='ocr_line' id='line_1_29' title="bbox 254 3523 1383 3612; baseline -0.004 -23"><span class='ocrx_word' id='word_1_216' title='bbox 254 3534 399 3612; x_wconf 67' lang='lat' dir='ltr'>qesserot</span> <span class='ocrx_word' id='word_1_217' title='bbox 421 3523 636 3607; x_wconf 68' lang='lat' dir='ltr'>mooistrotus</span> <span class='ocrx_word' id='word_1_218' title='bbox 660 3542 714 3586; x_wconf 86' lang='lat' dir='ltr'>eeu</span> <span class='ocrx_word' id='word_1_219' title='bbox 735 3523 978 3587; x_wconf 75' lang='lat' dir='ltr'>recurrentibus</span> <span class='ocrx_word' id='word_1_220' title='bbox 1007 3523 1125 3586; x_wconf 88' lang='lat' dir='ltr'>orbitis</span> <span class='ocrx_word' id='word_1_221' title='bbox 1159 3525 1383 3608; x_wconf 82' lang='lat' dir='ltr'>iueepletus</span> 
     </span>
     <span class='ocr_line' id='line_1_30' title="bbox 255 3627 1383 3712; baseline -0.003 -19"><span class='ocrx_word' id='word_1_222' title='bbox 255 3634 446 3706; x_wconf 80' lang='lat' dir='ltr'>iteraverat,</span> <span class='ocrx_word' id='word_1_223' title='bbox 471 3647 540 3690; x_wconf 89' lang='lat' dir='ltr'>oum</span> <span class='ocrx_word' id='word_1_224' title='bbox 570 3636 695 3689; x_wconf 81' lang='lat' dir='ltr'>tamem</span> <span class='ocrx_word' id='word_1_225' title='bbox 728 3629 840 3690; x_wconf 82' lang='lat' dir='ltr'>uertit</span> <span class='ocrx_word' id='word_1_226' title='bbox 875 3627 1021 3692; x_wconf 84' lang='lat' dir='ltr'>omuibus</span> <span class='ocrx_word' id='word_1_227' title='bbox 1044 3627 1170 3692; x_wconf 86' lang='lat' dir='ltr'>uiribus</span> <span class='ocrx_word' id='word_1_228' title='bbox 1194 3629 1237 3691; x_wconf 89' lang='lat' dir='ltr'>ad</span> <span class='ocrx_word' id='word_1_229' title='bbox 1255 3627 1383 3712; x_wconf 80' lang='lat' dir='ltr'>priuci-</span> 
     </span>
     <span class='ocr_line' id='line_1_31' title="bbox 252 3729 1384 3819; baseline -0.004 -22"><span class='ocrx_word' id='word_1_230' title='bbox 252 3735 341 3819; x_wconf 80' lang='lat' dir='ltr'>patis</span> <span class='ocrx_word' id='word_1_231' title='bbox 364 3733 467 3817; x_wconf 81' lang='lat' dir='ltr'>epicis</span> <span class='ocrx_word' id='word_1_232' title='bbox 490 3729 674 3813; x_wconf 72' lang='lat' dir='ltr'>abruptum,</span> <span class='ocrx_word' id='word_1_233' title='bbox 697 3730 857 3813; x_wconf 81' lang='lat' dir='ltr'>quemdam</span> <span class='ocrx_word' id='word_1_234' title='bbox 875 3733 1049 3814; x_wconf 78' lang='lat' dir='ltr'>potestatis</span> <span class='ocrx_word' id='word_1_235' title='bbox 1065 3734 1226 3796; x_wconf 86' lang='lat' dir='ltr'>iumeusoe</span> <span class='ocrx_word' id='word_1_236' title='bbox 1249 3734 1384 3817; x_wconf 71' lang='lat' dir='ltr'>uertiyi-</span> 
     </span>
     <span class='ocr_line' id='line_1_32' title="bbox 255 3834 1385 3920; baseline -0.001 -21"><span class='ocrx_word' id='word_1_237' title='bbox 255 3858 326 3900; x_wconf 90' lang='lat' dir='ltr'>uem</span> <span class='ocrx_word' id='word_1_238' title='bbox 350 3836 405 3900; x_wconf 87' lang='lat' dir='ltr'>sub</span> <span class='ocrx_word' id='word_1_239' title='bbox 430 3857 550 3898; x_wconf 87' lang='lat' dir='ltr'>eoroue</span> <span class='ocrx_word' id='word_1_240' title='bbox 566 3834 758 3917; x_wconf 78' lang='lat' dir='ltr'>patiebatur</span> <span class='ocrx_word' id='word_1_241' title='bbox 781 3855 837 3898; x_wconf 83' lang='lat' dir='ltr'>eree</span> <span class='ocrx_word' id='word_1_242' title='bbox 860 3835 1037 3900; x_wconf 82' lang='lat' dir='ltr'>sustinebat</span> <span class='ocrx_word' id='word_1_243' title='bbox 1059 3836 1208 3900; x_wconf 87' lang='lat' dir='ltr'>domiuus</span> <span class='ocrx_word' id='word_1_244' title='bbox 1231 3857 1304 3914; x_wconf 83' lang='lat' dir='ltr'>esse,</span> <span class='ocrx_word' id='word_1_245' title='bbox 1329 3839 1385 3920; x_wconf 85' lang='lat' dir='ltr'>qui</span> 
     </span>
     <span class='ocr_line' id='line_1_33' title="bbox 256 3937 873 4005; baseline -0.006 -1"><span class='ocrx_word' id='word_1_246' title='bbox 256 3962 320 4005; x_wconf 86' lang='lat' dir='ltr'>uou</span> <span class='ocrx_word' id='word_1_247' title='bbox 343 3941 542 4004; x_wconf 80' lang='lat' dir='ltr'>sustinuerat</span> <span class='ocrx_word' id='word_1_248' title='bbox 566 3958 630 4002; x_wconf 85' lang='lat' dir='ltr'>esse</span> <span class='ocrx_word' id='word_1_249' title='bbox 654 3937 709 4002; x_wconf 88' lang='lat' dir='ltr'>sub</span> <span class='ocrx_word' id='word_1_250' title='bbox 733 3938 873 4001; x_wconf 86' lang='lat' dir='ltr'>domiuo.</span> 
     </span>
    </p>

    <p class='ocr_par' dir='ltr' id='par_1_9' title="bbox 257 4040 1385 4317">
     <span class='ocr_line' id='line_1_34' title="bbox 361 4040 1382 4124; baseline -0.001 -17"><span class='ocrx_word' id='word_1_251' title='bbox 361 4043 423 4108; x_wconf 77' lang='grc'><strong>777.</strong></span> <span class='ocrx_word' id='word_1_252' title='bbox 468 4040 727 4122; x_wconf 78' lang='lat' dir='ltr'>Subseoutorum</span> <span class='ocrx_word' id='word_1_253' title='bbox 760 4041 847 4124; x_wconf 87' lang='lat' dir='ltr'>quod</span> <span class='ocrx_word' id='word_1_254' title='bbox 881 4064 946 4105; x_wconf 87' lang='lat' dir='ltr'>non</span> <span class='ocrx_word' id='word_1_255' title='bbox 982 4040 1086 4105; x_wconf 86' lang='lat' dir='ltr'>solum</span> <span class='ocrx_word' id='word_1_256' title='bbox 1120 4042 1153 4106; x_wconf 87' lang='lat' dir='ltr'>in</span> <span class='ocrx_word' id='word_1_257' title='bbox 1177 4043 1209 4105; x_wconf 91' lang='lat' dir='ltr'>A</span> <span class='ocrx_word' id='word_1_258' title='bbox 1231 4049 1291 4123; x_wconf 86' lang='lat' dir='ltr'>est,</span> <span class='ocrx_word' id='word_1_259' title='bbox 1327 4042 1382 4106; x_wconf 83' lang='lat' dir='ltr'>sod</span> 
     </span>
     <span class='ocr_line' id='line_1_35' title="bbox 257 4137 1385 4228; baseline -0.002 -16"><span class='ocrx_word' id='word_1_260' title='bbox 257 4149 353 4213; x_wconf 83' lang='lat' dir='ltr'>otiam</span> <span class='ocrx_word' id='word_1_261' title='bbox 377 4142 474 4228; x_wconf 83' lang='lat' dir='ltr'>ino,</span> <span class='ocrx_word' id='word_1_262' title='bbox 500 4145 610 4209; x_wconf 83' lang='lat' dir='ltr'>neseio</span> <span class='ocrx_word' id='word_1_263' title='bbox 634 4169 675 4208; x_wconf 85' lang='lat' dir='ltr'>an</span> <span class='ocrx_word' id='word_1_264' title='bbox 699 4152 787 4208; x_wconf 83' lang='lat' dir='ltr'>reete</span> <span class='ocrx_word' id='word_1_265' title='bbox 803 4137 1031 4208; x_wconf 76' lang='lat' dir='ltr'>Clratelaiuius</span> <span class='ocrx_word' id='word_1_266' title='bbox 1055 4145 1219 4209; x_wconf 82' lang='lat' dir='ltr'>existimet</span> <span class='ocrx_word' id='word_1_267' title='bbox 1242 4146 1385 4212; x_wconf 79' lang='lat' dir='ltr'>seriben-</span> 
     </span>
     <span class='ocr_line' id='line_1_36' title="bbox 257 4254 438 4317; baseline -0.022 -1"><span class='ocrx_word' id='word_1_268' title='bbox 257 4254 334 4317; x_wconf 85' lang='lat' dir='ltr'>dum</span> <span class='ocrx_word' id='word_1_269' title='bbox 356 4272 438 4314; x_wconf 85' lang='lat' dir='ltr'>osse.</span> 
     </span>
    </p>
   </div>
   <div class='ocr_carea' id='block_1_7' title="bbox 0 0 1599 4900">
    <p class='ocr_par' dir='ltr' id='par_1_10' title="bbox 0 0 1599 4900">
     <span class='ocr_line' id='line_1_37' title="bbox 0 0 1599 4900; baseline 0 0"><span class='ocrx_word' id='word_1_270' title='bbox 0 0 1599 4900; x_wconf 95' lang='lat' dir='ltr'> </span> 
     </span>
    </p>
   </div>
  </div>
 </body>
</html>
