3186 4900
1212 263 1254 328 59

165 450 283 516 melior
306 450 350 514 sit
373 450 428 514 alii
451 450 651 528 decernant3.
668 449 747 514 mihi
771 449 851 515 haec
874 450 979 537 magis
997 449 1107 536 placet
1117 473 1212 535 quam
1230 451 1297 515 illa.

166 554 208 619 Id
231 576 331 617 unum
354 554 465 619 obstat
492 552 581 637 quod
610 553 643 617 in
667 553 769 617 altera
798 553 937 618 lectione
960 553 1090 619 facilius
1114 553 1298 640 explicatur

166 657 379 722 distributiva
412 657 517 721 forma
551 657 722 721 verborum
757 657 844 722 binio
879 661 1019 723 terniano
1052 664 1085 721 et
1112 661 1241 744 proelio
1264 659 1297 724 in

168 759 331 847 singulari
353 781 487 825 numero
511 761 665 845 positum,
689 760 752 824 nisi
778 760 862 825 forte
886 767 942 826 ant
967 763 1128 846 proelia
1157 761 1300 827 scriben-

168 863 246 928 dnm
270 885 344 928 esse
367 863 682 945 concesseris‚sicut
699 886 942 948 -quamquam
967 887 1032 928 non
1055 886 1191 950 prorsus
1215 864 1299 930 idern

169 975 221 1031 est
244 1005 283 1014 —
308 966 403 1051 plura
426 968 606 1032 certamina
629 966 774 1053 scriptor
796 976 1038 1051 commemorat,
1062 977 1117 1033 aut
1139 969 1202 1034 hoc
1224 969 1299 1056 ipso

170 1069 270 1135 verbo
293 1068 405 1155 plures
428 1070 524 1135 unius
548 1071 665 1156 proelii
688 1092 867 1136 concursus
891 1071 973 1136 satis
990 1080 1101 1158 aperte
1121 1073 1300 1160 significari

170 1172 350 1238 existimes.

275 1277 338 1341 tel.
384 1275 640 1361 Deformoriore,
669 1278 757 1362 quod
792 1299 950 1362 nusquam
974 1281 1302 1365 repe1·tnmest,rni-

172 1405 228 1445 ror
241 1405 260 1444 a
273 1378 465 1445 Wonwerio
489 1401 562 1445 esse
585 1389 761 1467 receptum,
784 1382 978 1467 praesertim
996 1405 1068 1448 cum
1086 1383 1119 1448 in
1137 1381 1222 1448 libro
1235 1384 1302 1448 Da·

172 1484 269 1550 nielis
293 1485 490 1572 deformiore
513 1484 704 1570 reppererit.

276 1590 342 1655 tet.
387 1585 583 1674 Sequentem
617 1589 812 1654 sententiam
841 1596 928 1655 recte
952 1588 1096 1675 explicat
1118 1589 1170 1653 lris
1193 1591 1302 1656 verbis

173 1692 403 1759 Wouweriusz
427 1717 489 1758 uox
518 1692 651 1758 brevior
678 1692 872 1779 impedierat
898 1691 1021 1759 Gottos
1047 1693 1186 1780 sepelire
1210 1694 1305 1759 cada·

176 1820 262 1879 vera,
285 1797 395 1882 itaque
418 1821 459 1861 ne
481 1796 552 1862 dies
576 1795 733 1861 indicium
755 1796 879 1862 laceret
901 1797 993 1862 cuius
1018 1797 1123 1882 partis
1146 1804 1203 1862 aut
1225 1805 1305 1881 quot

175 1907 287 1964 essent
309 1900 364 1984 qui
389 1900 586 1982 ceciderant,
603 1901 714 1986 capita
731 1900 952 1982 absciderunt,
964 1900 1086 1986 quippe
1104 1898 1201 1966 Gotti
1213 1910 1305 1966 erant

176 2003 296 2067 criniti.
342 2002 448 2068 Addit
471 2010 661 2089 corruptum
684 2024 756 2068 esse
778 2003 897 2084 locum,
920 2003 1000 2090 Opt.
1014 1998 1053 2068 O.
1069 2002 1187 2069 habere
1210 2025 1305 2088 quarn

177 2107 283 2172 nullae
305 2106 496 2171 enites-in
520 2105 552 2170 H
578 2106 646 2170 vidi
670 2117 734 2193 qai
756 2106 845 2171 verbi
863 2105 1008 2170 ultimam
1030 2114 1063 2169 et
1077 2105 1158 2170 duas
1182 2107 1305 2193 primas

177 2210 268 2275 verbi
301 2211 389 2276 cittis
423 2210 551 2275 litteras
585 2210 619 2273 in
653 2227 766 2274 rasura
790 2231 863 2275 csse
892 2209 1034 2295 scriptas
1058 2249 1110 2292 -‚
1133 2208 1305 2297 legendum

177 2336 264 2379 esse:
300 2336 389 2400 qnern
422 2313 514 2377 nobie
549 2315 690 2399 opnoeoi,
726 2315 891 2394 crinitam,
915 2313 1076 2377 dinticirre
1112 2325 1305 2392 trunceta-m.

180 2418 301 2482 Verum
324 2417 444 2480 iniuria
466 2439 537 2480 eum
561 2414 697 2480 offendit
720 2415 902 2495 verborum,
916 2423 951 2478 ut
963 2416 1101 2498 videtur,
1120 2416 1305 2482 collocatio.

179 2520 220 2584 [d
242 2508 325 2585 dicit
348 2517 506 2584 Sidonius
530 2518 634 2584 cladis
659 2518 815 2583 indicium
834 2518 937 2582 titisse
953 2518 1088 2584 multam
1108 2527 1203 2604 atque
1216 2544 1309 2606 aper-

179 2632 244 2687 tam
280 2622 422 2687 hostium
457 2629 610 2708 stragem,
634 2644 699 2685 non
733 2621 838 2686 minus
873 2629 997 2685 certum
1026 2621 1182 2688 indicium
1205 2623 1307 2687 fnisse

180 2726 420 2791 multitudinem
443 2725 588 2791 hostium
611 2734 833 2790 truncatorum
858 2725 889 2789 in
909 2749 1024 2812 campo
1044 2725 1307 2810 relictam‚qrunn

180 2831 286 2917 primo
316 2830 460 2895 diluculo
491 2851 602 2893 omnes
632 2829 841 2915 conspecturi
866 2836 987 2894 essent.
1033 2830 1073 2893 In
1096 2830 1129 2894 A
1152 2829 1307 2894 adnotavi

180 2935 272 3021 prius
296 2934 456 3020 scriptum
479 2954 552 2999 esse
575 2933 716 3016 dimine,
741 2931 857 2997 deinde
880 2935 910 2996 ei
931 2932 1078 2997 additum
1101 2954 1184 2998 esse.

286 3245 349 3330 Ep.
373 3244 473 3308 1115
497 3244 600 3328 (254).
646 3242 898 3308 Eborolacensis
921 3243 1059 3328 praedii
1089 3246 1187 3308 etiam
1222 3258 1311 3310 oreta

183 3348 378 3412 barbarae
401 3348 579 3412 denotatam
602 3348 813 3426 medietatem,
838 3367 916 3432 qnae
936 3348 1047 3412 domae
1057 3350 1310 3433 patricioeinra

184 3452 276 3516 inodo
299 3453 445 3538 respicit,
469 3451 625 3539 saffrapio
648 3462 754 3514 neutro
779 3453 864 3515 inri
886 3471 941 3515 cao
966 3463 1057 3537 optat
1080 3452 1226 3537 ndinnpi.

286 3556 350 3620 203.
379 3558 463 3619 Ante
487 3554 645 3619 barbaros
669 3553 702 3618 in
724 3554 756 3618 A
780 3553 884 3639 prima
907 3577 1002 3617 manu
1026 3560 1182 3618 mutatum
1206 3562 1257 3618 est
1280 3555 1312 3617 in

185 3673 258 3724 ante
284 3684 303 3722 a
326 3659 489 3738 barbaric,
512 3657 601 3743 qnod
623 3681 661 3722 ex
692 3655 776 3722 libro
806 3656 936 3722 Pithoei
959 3654 1171 3721 Wouwerius
1195 3657 1312 3721 adfert.

184 3761 328 3828 Dcl'endi
346 3762 488 3826 tortasse
505 3761 629 3848 poterit
647 3760 727 3825 haec
744 3760 853 3842 lentie,
865 3759 1033 3824 meliorem
1050 3783 1120 3824 eam
1132 3781 1205 3824 esse
1218 3783 1312 3826 nemo

186 3865 371 3933 contendet.

289 3971 353 4037 tel.
388 3969 505 4034 Malim
529 3972 604 4034 rari
626 3990 663 4032 ex
689 3966 915 4050 sequentibus:
939 3977 973 4030 nt
998 3966 1040 4030 ad
1063 3967 1314 4032 soliditatem

187 4077 299 4140 raris
332 4075 428 4138 istinc
453 4085 481 4138 te
512 4075 741 4160 patrocinante
769 4072 943 4157 perueniat
978 4069 1077 4135 scribi
1105 4093 1202 4154 quam
1235 4074 1313 4138 iari.

188 4181 305 4265 Neque
339 4179 425 4244 enim
463 4177 524 4242 hoc
557 4177 654 4242 modo
684 4174 763 4264 poni
787 4173 915 4239 videtur
937 4175 1023 4238 inric
1047 4171 1189 4256 verbum,
1213 4183 1246 4240 et
1268 4175 1316 4240 di-

189 4306 283 4354 versa
305 4283 386 4354 haec
408 4288 500 4352 suntz
529 4281 570 4345 nd
594 4282 644 4353 ins
668 4289 814 4344 nostruin
832 4279 989 4372 pertinet,
1013 4278 1083 4344 iari
1105 4299 1171 4342 areo
1196 4279 1314 4349 subiec-
