3186 4900
326 263 368 326 80

282 449 380 533 idem,
401 459 438 514 ut
460 450 600 527 videtur,
624 451 658 514 in
674 449 768 517 libris
788 451 909 516 Iuliani
927 450 1095 533 Durantii,
1108 450 1258 533 Puteani,
1271 451 1413 534 Pithoei,

283 552 473 640 Bongarsii,
495 563 605 618 vetere
628 554 732 618 Iureti
755 553 888 640 (”1ur.”,
912 555 1054 619 fortasse
1066 554 1193 641 Vineti)
1210 555 1334 618 invenit
1353 551 1413 619 Sa-

171 743 177 752 .
281 680 377 734 varo;
412 681 505 720 arma
540 670 569 722 et
598 671 762 722 armatum
789 669 819 722 et
842 661 1004 722 animatos
1026 680 1105 722 vera
1125 657 1267 722 lectione
1290 657 1413 722 abolita

281 760 315 823 in
353 761 384 826 R
420 769 453 825 et
485 761 510 824 Z
540 761 694 826 scribitur
727 761 823 845 idque
856 785 894 826 ex
924 755 1064 843 Cuiacii,
1097 761 1239 843 Petavii,
1273 761 1412 825 Puteani

282 863 409 950 (”Pu.”,
434 863 575 926 tortasse
598 863 718 948 Iureti)
741 863 912 929 codicibus
936 872 968 928 et
985 871 1092 929 vetere
1111 864 1195 929 libro
1212 865 1257 950 (a.
1273 865 1364 943 1499,
1378 864 1411 926 ni

282 965 390 1048 iallor,
419 966 597 1051 impresso)
626 965 763 1029 adnotat
787 962 928 1045 Savar03
951 989 1046 1031 arma
1068 979 1099 1031 et
1122 980 1266 1031 cruentos
1289 979 1319 1030 et
1342 969 1411 1030 nni-

281 1081 394 1148 matos,
422 1068 509 1153 quod
537 1068 643 1132 estin
665 1068 711 1150 X,
734 1069 768 1132 in
791 1069 1024 1155 manuscriptis
1048 1063 1272 1151 Cluniacensi‚
1295 1063 1411 1134 Claro·

280 1173 454 1253 montensi,
476 1170 620 1236 Achillis
645 1168 757 1252 Statii,
768 1173 919 1236 Amarito
944 1195 1016 1237 esse
1040 1169 1166 1237 Savaro
1189 1172 1284 1255 dixit,
1301 1195 1410 1257 quam-

281 1300 376 1361 quam
409 1284 475 1340 tam
504 1275 653 1340 confudit
687 1276 917 1341 adnotationes
941 1300 1028 1358 susc,
1050 1285 1086 1340 111
1108 1279 1143 1340 in
1166 1277 1217 1341 his
1240 1277 1408 1342 codicibus

281 1404 374 1444 arma
392 1392 422 1444 et
440 1392 602 1444 armanus
619 1392 649 1444 et
667 1382 829 1445 nnirnntos
849 1382 1008 1467 scriptum
1026 1404 1097 1446 esse
1114 1381 1276 1466 suspicari
1288 1381 1407 1466 possis.

279 1483 543 1548 Elmenhorstius
567 1479 767 1547 Savaronem
790 1484 856 1548 fere
880 1491 1012 1549 secutus
1036 1507 1129 1548 nrrnn
1153 1497 1182 1547 et
1199 1487 1360 1548 animatos
1379 1497 1408 1548 et

280 1600 424 1651 armatos
458 1587 570 1650 edidit.
621 1589 793 1653 Animatus
826 1595 862 1650 ut
897 1587 1072 1652 concedam
1107 1587 1169 1651 hoc
1202 1587 1277 1652 loco
1305 1588 1407 1651 fortes

279 1691 435 1756 incitatos
474 1690 599 1754 alacres
639 1690 825 1776 significare
863 1671 976 1776 posse,
1016 1698 1091 1776 apte
1130 1692 1274 1776 positum
1313 1713 1406 1776 nego.

278 1796 394 1879 Neque
422 1795 507 1859 enim
536 1794 712 1878 quidquam
741 1802 811 1858 tota
834 1795 977 1880 epistula
1000 1795 1142 1876 additur,
1164 1794 1252 1878 quod
1276 1794 1315 1857 ad
1340 1795 1407 1856 ani-

279 1922 349 1964 mos
373 1900 487 1964 referri
514 1899 633 1984 possit.
677 1898 793 1984 Longe
826 1899 921 1964 aliter
955 1920 989 1962 se
1023 1898 1143 1964 habent
1176 1922 1258 1982 quac
1281 1893 1406 1962 Sararo

279 2009 448 2088 comparat
481 2002 641 2087 pagum
666 2004 794 2083 11431,
828 2003 913 2065 sicut
946 2002 1051 2088 ipsius
1087 1999 1216 2066 Sidonii
1239 2001 1331 2082 locus
1355 2023 1405 2086 ep.

279 2106 391 2171 V116
415 2105 509 2191 (376)
533 2109 655 2168 armis
675 2116 800 2190 potens,
823 2128 897 2169 acer
920 2107 1081 2185 animis,
1105 2108 1213 2170 alacer
1237 2109 1342 2168 annis.

379 2227 444 2291 282.
489 2223 668 2291 Iucundum
696 2225 826 2310 scripsi,
853 2247 1046 2310 quamquam
1074 2226 1107 2289 in
1135 2225 1253 2291 AHV
1280 2233 1331 2289 est
1358 2227 1404 2285 io-

276 2330 422 2395 cundum.

379 2450 444 2515 283.
492 2451 669 2518 Gentilicio
693 2472 733 2513 ex
756 2449 834 2512 AH
848 2448 880 2513 V
904 2449 1035 2534 scripsi,
1059 2471 1124 2512 non
1146 2451 1323 2532 pontilicis.

377 2572 442 2636 281.
489 2571 567 2634 Cum
591 2581 696 2632 tannen
730 2572 857 2655 mnpis
887 2569 955 2632 boc
983 2591 1022 2632 ex
1045 2569 1168 2632 AHV
1193 2569 1323 2654 scripsi,
1348 2568 1405 2630 boc

275 2678 381 2760 inopis
402 2671 613 2738 Wouwerius
638 2669 833 2736 Sirmondus
862 2672 1012 2758 Miguius
1041 2671 1180 2735 Baretus
1205 2672 1333 2752 habent,
1358 2684 1403 2736 tu-

273 2799 344 2840 men
367 2778 401 2840 in
424 2777 457 2840 A
479 2775 563 2840 erasi
588 2775 672 2840 alius
696 2776 839 2840 fortasse
862 2775 952 2840 verbi
978 2775 1051 2839 loco
1077 2776 1234 2861 scriptum
1258 2785 1317 2839 est.

376 2898 440 2962 285.
483 2896 646 2961 Decorum
668 2897 718 2960 ibi
740 2896 975 2980 inspiciebatur
1001 2891 1127 2959 Savaro
1156 2903 1189 2958 11
1211 2895 1404 2959 Elmenhor-

274 3000 357 3063 stius
392 2999 549 3080 scribunt,
579 2998 612 3061 id
641 3021 702 3084 ego
732 3021 769 3063 111
794 2999 827 3062 Η
851 3006 883 3062 11
905 2999 935 3063 R
958 2998 1120 3062 adnotavi.
1161 3000 1402 3084 [aspiciebatur

274 3103 371 3166 etiam
399 3103 432 3165 in
461 3102 492 3164 A
521 3111 554 3166 11
580 3099 613 3164 U
644 3110 704 3183 est,
729 3102 986 3185 conspiciebatur
1010 3103 1042 3166 in
1065 3103 1098 3166 V
1121 3111 1154 3164 11
1177 3103 1210 3166 in
1234 3099 1400 3166 Sirmondi

272 3205 381 3290 Migni
404 3202 518 3268 Bareti
542 3203 756 3282 editionibus·
780 3204 861 3268 illud
884 3205 986 3290 igitur
1002 3205 1138 3290 scripsi.

375 3325 439 3389 281.
487 3324 680 3388 Cursoribus
715 3345 752 3386 ex
789 3323 910 3390 AHV
946 3325 1077 3411 scripsi,
1105 3325 1137 3387 in
1165 3325 1199 3389 H
1222 3333 1328 3389 tarnen
1352 3347 1401 3389 se·

272 3426 379 3491 cunda
401 3449 496 3490 manu
514 3450 541 3512 p
565 3425 710 3490 additum
733 3433 798 3504 111;
819 3429 1087 3511 praecursoribus
1099 3425 1310 3492 Wouwerius
1331 3424 1399 3492 Sir-

271 3530 410 3594 mondus
445 3529 595 3616 Mignius
628 3529 769 3594 Baretus
806 3529 935 3594 habent.
982 3531 1070 3598 Illud
1105 3525 1331 3596 Chatelainius
1359 3554 1396 3594 ex

271 3636 299 3700 A
316 3635 348 3700 V
359 3635 394 3699 N
406 3634 433 3699 P
447 3631 477 3699 Ο
501 3634 685 3699 restitutum
709 3633 867 3720 exemplis
891 3635 1000 3700 allatis
1023 3635 1177 3700 defendit.

372 3757 438 3821 281.
483 3755 685 3843 Pedisequis,
703 3755 735 3818 ni
756 3755 863 3837 fallor,
876 3756 909 3819 A
927 3755 1035 3838 habet,
1049 3757 1247 3842 pedissequis
1265 3756 1299 3821 H
1311 3764 1343 3820 et
1355 3757 1397 3822 V.

371 4065 434 4152 Ep.
447 4067 499 4132 IV
513 4067 554 4130 20
572 4067 677 4153 (277).
719 4066 861 4132 Peuduii
877 4089 915 4132 cu
932 4070 1063 4136 buntaro
1080 4068 1188 4154 pladii
1204 4067 1319 4132 balteis
1340 4093 1395 4132 su·

263 4171 604 4253 percurrentibus
628 4172 878 4234 striunernnt
902 4175 1011 4237 clausa
1034 4173 1167 4236 bullatis
1186 4174 1291 4234 intera
1313 4171 1395 4234 rbe-

267 4272 450 4337 sonibus.
496 4271 546 4334 Eo
581 4295 639 4359 quo
670 4273 875 4337 comebantur·
903 4288 1021 4341 ornatu
1048 4275 1291 4350 muniebantur-3
1326 4277 1393 4338 lan·
