3186 4900
1211 263 1251 326 95

268 449 333 536 Ep.
356 449 427 516 VII
449 453 469 515 2
494 452 597 536 (372).
645 450 865 518 Summotibus
899 454 1047 538 deinceps
1081 463 1111 514 ct
1145 464 1219 516 tnnc
1247 472 1296 515 co·

165 556 241 618 miti
275 557 421 618 civitatis
454 576 518 618 non
550 559 657 622 minus
696 561 904 643 oportunis
944 579 1038 643 quam
1067 555 1295 642 frequentibus

165 659 309 722 excubiis
342 662 476 745 aqnosci
508 661 705 724 innotescere
731 663 1005 748 familiarescere,
1034 661 1141 744 sicque
1170 662 1237 721 eius
1259 661 1295 721 in

164 761 233 824 dics
257 759 412 825 sedulitas
434 766 596 827 maiarum
630 763 922 828 sodalitatibus
950 765 1155 848 promoveri3
1181 763 1295 846 fovere

164 865 242 927 boni
263 868 379 951 quique
402 870 562 946 certatim,
584 869 667 930 natis
692 889 808 946 omnes,
832 869 973 952 plurimi
996 867 1151 943 consiliis,
1166 867 1296 950 privati

164 969 270 1049 donis,
294 971 418 1032 cincti
446 969 606 1052 beneficiis
634 971 801 1050 adiurare,
819 991 942 1057 perque
971 969 1048 1032 baec
1070 989 1138 1054 spes
1163 989 1295 1054 opesque

163 1074 260 1135 istius
282 1076 405 1158 raptim
429 1072 654 1160 saltuatimque
679 1076 884 1138 cumulari.
920 1072 1020 1136 Forte
1044 1073 1165 1136 accidit
1186 1083 1223 1136 nt
1245 1073 1296 1136 di-

163 1177 320 1257 aersoria,
345 1178 397 1239 cui
428 1178 497 1260 ipse
532 1188 735 1255 successerat,
759 1177 915 1263 quaedam
939 1176 1069 1263 femina
1102 1193 1167 1238 non
1189 1176 1296 1240 minus

164 1299 258 1343 censu
280 1300 375 1365 quam
397 1279 542 1344 moribus
564 1281 682 1344 idonea
704 1283 918 1359 vicinaretur,
936 1281 1025 1344 cuius
1040 1281 1118 1363 filia
1133 1278 1295 1364 infantiae

164 1384 231 1446 iam
256 1383 453 1468 temporibus
478 1388 642 1446 emensis
664 1383 797 1448 necdum
822 1395 926 1447 tamen
948 1383 1112 1449 nubilibus
1129 1387 1224 1446 annis
1240 1406 1296 1469 ap-

162 1486 414 1573 propinquabat.
459 1484 548 1551 Huic
571 1487 633 1550 lsic
655 1487 821 1552 blandus
845 1527 885 1535 —
909 1489 1117 1573 siquidemea
1140 1497 1228 1550 aetas
1245 1489 1296 1549 in·

155 1592 319 1678 fantulae,
331 1603 367 1654 ut
379 1591 484 1656 adbuc
496 1591 643 1655 decenter
656 1631 696 1640 -
712 1613 797 1655 nnnc
807 1591 1111 1680 quaedamfrinola,
1124 1612 1207 1654 nunc
1220 1591 1294 1654 luda

165 1707 243 1780 apta
264 1697 413 1781 stirpiaco
437 1707 546 1758 scruta
570 1694 722 1775 donabat,
746 1696 861 1781 quibus
889 1696 948 1758 isti
971 1715 1090 1780 parurn
1111 1694 1295 1779 prandibus

164 1783 277 1862 causis
287 1800 468 1883 plurimum
484 1801 697 1883 cirpunculae
714 1801 840 1863 animus
859 1798 1080 1885 copulabatur.
1114 1796 1206 1860 Anni
1227 1797 1296 1860 abi-

165 1911 215 1963 ter
228 1901 369 1965 tlalamo
379 1924 487 1986 pares.
511 1901 599 1981 Ques
621 1922 755 1966 moror
776 1901 909 1967 multis?
944 1901 1186 1966 Adolescens
1210 1904 1295 1966 salus

165 2010 268 2070 tenuis
287 2009 482 2092 percqrinus
497 2007 591 2090 filius
604 2008 760 2095 familias
783 2019 814 2072 et
831 2029 845 2071 c
854 2008 973 2092 patria
990 2017 1091 2094 patre
1114 2026 1178 2069 non
1192 2008 1295 2071 salum

162 2129 228 2172 non
251 2111 385 2188 nolente,
409 2131 519 2175 uerum
547 2112 646 2175 etiam
674 2114 848 2198 iqnorante
876 2109 1042 2175 discedens
1062 2111 1209 2197 puellam
1231 2130 1296 2174 non

162 2213 355 2298 inferiorem
371 2213 546 2292 natalibus,
550 2214 769 2301 facultatibus
793 2219 994 2300 superiorem
1015 2213 1121 2280 medio
1135 2216 1294 2301 episcopo,

162 2319 240 2403 quia
253 2318 364 2397 lectar,
378 2339 415 2381 sc
425 2319 528 2382 latio
553 2321 689 2398 comitis,
703 2321 779 2402 quia
792 2320 900 2398 cliens,
915 2339 1008 2382 socru
1027 2338 1090 2379 non
1102 2319 1295 2404 inspiciente
1320 2303 1322 2308 ’

161 2420 387 2500 substantiam,
411 2441 528 2508 sponsa
550 2443 614 2484 non
637 2422 879 2506 despiciente
899 2442 1073 2507 personam
1088 2441 1220 2484 necarem
1238 2441 1295 2506 pe-

163 2527 205 2587 tit
239 2526 394 2609 impetrat
428 2525 527 2589 ducit.
576 2523 830 2589 Conscribuntur
854 2524 982 2588 tabulae
1004 2524 1178 2610 nuptiales,
1201 2536 1242 2602 et,
1266 2527 1296 2587 si

162 2650 225 2714 qua
248 2640 304 2690 est
324 2629 401 2691 istic
422 2630 629 2714 municipioli
651 2632 758 2692 nostri
780 2628 1018 2707 suburbanitas,
1041 2630 1296 2692 matrimoniali-

163 2731 220 2794 bus
252 2732 324 2796 illic
357 2734 483 2796 inserta
505 2733 712 2813 documentis,
745 2734 902 2795 mimica
936 2733 1094 2817 larqitate
1124 2735 1294 2795 recitatur.

165 2833 308 2899 Peracta
343 2839 642 2921 circumscriptione
677 2837 824 2920 leqitima
848 2847 878 2899 et
892 2836 1017 2923 fraude
1040 2835 1189 2898 sollemni
1211 2837 1294 2898 levat

164 2938 299 3001 diuitem
333 2943 498 3024 coniuqem
526 2960 655 3025 pauper
689 2939 858 3004 adamatus
882 2951 911 3002 et
935 2937 1111 3024 diliqenter
1145 2958 1224 3021 quae
1253 2938 1296 3003 ud

165 3063 337 3107 socerum
351 3047 584 3129 pertinuerant
596 3045 730 3106 rimatis
746 3044 990 3129 convasatisque
1001 3063 1065 3104 nan
1079 3061 1183 3126 paroc
1197 3045 1296 3104 etiam

164 3146 340 3211 corollaria
356 3147 560 3231 facilitatem
584 3147 867 3234 credulitatemque
894 3147 1144 3230 munificientiae
1167 3167 1295 3210 socrua-

165 3251 207 3313 lis
230 3271 400 3334 emnnqens
433 3253 579 3337 receptui
605 3254 641 3314 in
660 3255 809 3336 patriam
845 3254 960 3315 senuit
991 3252 1296 3337 praestipiatar

162 3356 311 3417 invictus.
358 3352 426 3433 Quo
457 3355 605 3440 profecto
638 3366 743 3418 mater
767 3356 897 3440 puellae
928 3377 991 3440 pro
1026 3353 1295 3441 lsppsrbolicis

161 3457 389 3521 instrumentis
422 3461 526 3542 coepit
560 3460 718 3521 actionem
740 3459 992 3544 repetundarum
1014 3461 1093 3523 celle
1111 3477 1296 3543 proponere

163 3570 194 3622 et
218 3572 292 3622 tunc
315 3560 440 3624 demum
462 3560 500 3625 de
522 3564 759 3646 mancipiorum
775 3565 989 3648 sponsaliciae
1006 3562 1195 3625 donatianis
1215 3584 1296 3647 pau-

164 3667 262 3728 citate
284 3685 439 3743 maerere,
463 3665 589 3749 quanda
611 3667 680 3727 iam
702 3665 740 3728 de
763 3677 913 3750 nepotum
936 3667 1166 3729 numerositate
1177 3665 1296 3751 paude-

164 3767 229 3832 bat.
263 3766 318 3830 Ad
341 3766 423 3830 banc
439 3754 637 3852 placandum
659 3779 769 3831 noster
782 3767 979 3854 Hippolytus
995 3779 1201 3853 peruenerat,
1226 3788 1296 3832 cum

165 3871 294 3934 litteras
315 3891 401 3934 mcas
432 3873 527 3955 prius
549 3869 677 3938 obtulit.
723 3868 862 3934 Habetis
886 3871 1060 3936 historiam
1083 3873 1208 3936 incenis
1230 3874 1297 3934 eni·

163 3975 233 4052 mii,
248 3974 402 4060 fabulam
426 3972 611 4038 Milesiae
634 3975 684 4036 uel
706 3972 838 4037 Atticae
858 3995 981 4058 parem.

267 4076 332 4142 stt.
378 4076 444 4140 Pro
479 4077 709 4142 sodalitatibus
731 4074 943 4141 Wouwsrius
978 4099 1037 4163 per
1065 4099 1206 4140 errarem
1230 4077 1295 4140 for-

165 4188 254 4246 tasse
289 4180 425 4267 scripsit
458 4181 696 4263 sedulitatibus,
719 4181 806 4265 quod
840 4181 874 4245 in
907 4189 1061 4265 quattuor
1094 4180 1188 4244 libris
1222 4203 1295 4246 esse

165 4282 257 4348 dicit.
