3172 4908
328 183 369 248 28

285 370 318 436 V
338 371 479 458 repperi,
501 381 531 435 et
551 383 584 436 ta
606 370 688 434 mibi
721 393 787 435 ecee
812 373 877 434 ista
901 347 1125 456 superscripto
1160 371 1215 434 bea
1248 370 1281 432 in
1304 371 1334 434 L
1357 395 1410 435 co-

285 473 368 554 dice,
395 477 462 538 iata
492 474 568 538 baec
590 473 673 538 mibi
695 475 728 538 in
752 475 779 538 F
802 473 917 538 codice
951 497 1016 538 non
1050 472 1132 537 male
1157 473 1315 559 seriptum
1350 480 1409 555 est,

285 600 358 641 nam
376 576 438 642 hoc
461 577 576 642 ordine
599 601 637 642 aa
659 578 758 644 verba
774 577 860 664 apud
878 574 1050 642 Sidonium
1063 577 1142 662 poni
1159 575 1276 640 solent.
1312 573 1410 656 Quod

284 677 326 742 ad
348 702 399 766 op.
418 679 510 745 1118
535 676 661 744 Savaro
684 681 775 767 (pag.
800 681 878 765 201)
902 680 1085 744 adnotavit:
1109 681 1185 743 baec
1209 681 1275 742 ieta
1297 702 1336 742 ox
1359 703 1409 765 ep.

283 782 335 851 IV
359 785 394 846 21
422 782 530 864 initio,
553 783 672 862 falsum
695 784 840 869 antipae
863 785 947 848 enim
971 782 1035 848 hoc
1058 783 1131 847 loco
1149 783 1226 846 baec
1247 786 1319 868 ipsa
1344 781 1411 846 adi-

283 885 342 950 dit.
392 882 459 952 Sed
493 887 702 950 verisimilius
736 894 787 950 est
819 910 858 951 ax
893 887 1059 951 Laodice
1092 909 1203 950 verum
1235 885 1408 951 enitendum

283 1011 356 1056 essa
390 997 487 1075 atque
515 990 561 1054 ita
596 990 629 1054 in
665 988 844 1077 archetypo
885 990 1070 1054 obscuratis
1110 990 1251 1053 sortasse
1291 989 1408 1052 litteris

283 1093 386 1157 faisse
420 1093 595 1178 scriptum:
619 1104 648 1156 et
678 1104 712 1157 ta
736 1115 802 1156 eece
830 1097 895 1156 iata
930 1131 969 1140 -
1004 1094 1229 1179 superscripto
1258 1095 1341 1154 mibi
1371 1131 1408 1138 —

285 1194 480 1278 Caesenatia,
509 1218 582 1259 nam
605 1195 685 1260 haec
708 1195 863 1260 facillime
891 1203 1025 1282 propter
1048 1196 1189 1260 vieimim
1225 1197 1408 1259 Caesenatia

283 1300 473 1382 (catenatis)
497 1298 544 1362 ita
567 1299 731 1384 corrumpi
754 1306 995 1383 potueruntne
1018 1299 1068 1363 vel
1091 1298 1126 1362 id
1148 1298 1309 1378 evaderet,
1321 1298 1408 1382 (lund

284 1409 316 1465 et
339 1403 371 1465 A
394 1410 427 1465 ct
459 1401 565 1466 HZb
589 1410 622 1465 et
644 1399 676 1465 U
700 1401 841 1465 vidimus
864 1401 993 1483 habere,
1017 1401 1068 1465 val
1091 1424 1139 1481 aa,
1162 1423 1244 1484 quae
1269 1401 1302 1465 in
1325 1403 1354 1465 L
1377 1410 1410 1465 et

282 1504 313 1569 V
338 1503 452 1570 codice
475 1505 667 1574 invenimus.
714 1499 775 1568 Otr
801 1528 883 1588 quae
910 1505 1060 1569 dicentur
1087 1504 1127 1568 de
1154 1527 1205 1590 ap.
1230 1503 1286 1567 HI
1314 1507 1350 1566 la
1374 1516 1410 1568 et
1495 1493 1501 1508 ⁹

282 1612 460 1694 anperaeni.
500 1607 683 1673 Wouwerii
708 1608 787 1673 haec
810 1618 861 1673 est
880 1609 995 1672 lectio:
1020 1620 1048 1671 et
1073 1619 1107 1672 ta
1129 1611 1195 1670 iata
1219 1607 1295 1671 baec
1318 1609 1409 1672 nebia

284 1714 460 1794 (laninas,
482 1711 563 1776 haec
586 1711 773 1776 adnotatio:
797 1712 943 1777 ”Victor
971 1715 980 1773 1
1009 1712 1092 1775 mibi
1113 1714 1178 1774 iata
1203 1711 1287 1774 baec.
1329 1709 1408 1797 Opt.

283 1809 322 1880 (l.
358 1814 402 1880 Et
427 1827 461 1880 ta
483 1821 549 1880 iata
572 1837 638 1878 eece
664 1813 849 1879 Cetaenatie
873 1813 989 1879 Fanni.
1014 1816 1135 1900 optime
1158 1821 1190 1878 et
1213 1814 1405 1878 concinne.''

284 1915 408 1983 Sauara
437 1919 700 1984 Elmenhorstius
724 1915 919 1985 Sirmondus
941 1919 1081 1984 Baretus
1116 1929 1147 1981 et
1177 1929 1211 1982 ta
1238 1920 1304 1980 iata
1333 1919 1409 1982 baec

281 2023 364 2086 aiibi
386 2023 543 2105 scribunt,
566 2022 716 2110 Mignius
740 2035 770 2087 et
793 2035 828 2088 ta
850 2024 932 2086 mitt
955 2023 1030 2086 baec
1054 2026 1128 2086 ieta.

384 2313 447 2400 Ep.
472 2314 530 2378 19
554 2315 658 2399 (196).
705 2311 835 2378 Interea
868 2338 925 2378 noa
963 2317 1062 2380 Pauli
1091 2317 1308 2402 praefectorii
1343 2325 1408 2378 tant

283 2418 435 2482 doctrina
458 2440 552 2504 qnam
574 2424 747 2481 sanctitate
766 2419 1001 2480 ‘venerandis
1027 2419 1150 2482 laribus
1167 2423 1290 2504 enaepti
1313 2421 1407 2499 eomi-

283 2532 332 2584 ter
355 2521 491 2586 blandae
515 2521 752 2606 hospitalitatis
776 2521 892 2606 Offi⁶ll⁸
921 2523 1149 2586 incolebantur.

383 2625 428 2690 91.
473 2626 514 2690 Ι11
546 2623 580 2689 H
615 2627 818 2704 venerandis,
842 2625 928 2709 quod
951 2625 984 2688 in
1008 2627 1040 2689 A
1063 2632 1158 2709 atque
1182 2625 1212 2690 V
1237 2632 1269 2689 et
1291 2622 1323 2688 U
1347 2633 1407 2704 cst,

282 2733 448 2790 corrector
470 2727 503 2792 in
527 2730 704 2793 venerandi
725 2730 872 2810 mutavit,
894 2729 979 2792 idem
1002 2737 1194 2814 receperunt
1223 2726 1347 2791 Sauara
1376 2734 1409 2788 at

281 2828 556 2895 Elmenhorstiua
601 2833 674 2920 Ego
711 2841 745 2895 ut
777 2832 841 2896 hoc
874 2833 994 2912 malim,
1024 2834 1072 2895 sic
1105 2831 1187 2894 illud
1221 2855 1240 2894 a
1268 2828 1406 2894 Sidonio

281 2932 439 3019 scriptum
462 2957 535 3000 esse
557 2935 687 2999 minime
710 2959 805 3022 nego.

383 3225 446 3311 Ep.
470 3226 488 3290 Ι
511 3231 529 3288 9
554 3227 657 3311 (196).
702 3226 791 3291 Iliad
815 3239 920 3289 tamen
944 3231 979 3289 in
1002 3251 1040 3291 eo
1065 3231 1247 3291 stadiorum
1265 3231 1405 3290 otnniant

282 3329 404 3390 taimen
437 3333 609 3407 antevenit,
634 3331 717 3412 qaod
751 3331 845 3394 babet
873 3331 946 3394 baia
976 3333 1131 3395 eminenti
1157 3334 1309 3395 scientiae
1334 3351 1406 3394 eon-

280 3433 448 3494 acieatiam
472 3436 680 3517 superiorem.

381 3534 426 3599 tt.
471 3533 603 3615 Eodem,
626 3536 714 3620 quod
736 3537 895 3622 seriptum
918 3546 968 3601 est
991 3536 1211 3602 aWouwerio
1229 3534 1404 3602 Sirmondo

279 3636 411 3724 Mignio
434 3637 566 3720 Barata,
589 3638 678 3703 nulla
713 3661 812 3704 causa
835 3648 886 3704 eat
908 3663 965 3704 cur
988 3663 1025 3703 ex
1049 3640 1287 3705 recentioribus
1310 3639 1404 3705 libris

279 3777 318 3786 —
344 3763 417 3805 nam
440 3750 492 3806 ast
514 3741 548 3804 in
570 3741 650 3807 Lat
672 3742 703 3824 b,
726 3742 760 3806 in
783 3743 812 3807 ll
835 3752 951 3829 postea
975 3742 1119 3807 additum
1142 3751 1202 3823 est,
1225 3743 1259 3806 in
1281 3743 1405 3808 AHV

279 3863 314 3908 eo
338 3844 493 3910 scribitur
515 3831 556 3894 -ὲ
579 3845 613 3909 in
636 3845 736 3910 verba
759 3842 888 3910 Sidonii
912 3846 1130 3910 admittamus.

382 4136 444 4221 Ep.
468 4137 486 4201 Ι
509 4139 528 4200 9
552 4138 655 4222 (197).
701 4137 746 4202 tt.
770 4151 863 4223 atqae
886 4139 1063 4225 nepotibus,
1079 4137 1143 4202 vid.
1167 4161 1250 4222 quae
1273 4163 1348 4224 pag.
1370 4142 1405 4204 10

278 4239 318 4304 de
341 4263 391 4326 ep.
415 4240 475 4304 13
494 4262 639 4326 proaoaa
663 4239 859 4304 dictasunt.
