3172 4908
312 231 331 296 8

271 421 324 502 (in
358 421 497 490 carentis
530 430 636 488 autem
667 421 737 484 trio
759 432 959 506 quaerantur
982 442 1062 508 qaae
1087 421 1259 506 placeant:
1288 441 1405 486 menet

270 523 422 606 artifieio,
441 523 568 610 pondua
591 526 733 610 arpenti,
760 523 948 610 splendor
970 525 1121 608 metalli).
1166 524 1254 590 Nam
1283 525 1318 589 id
1339 547 1403 610 pro

271 625 440 712 splendore
473 627 586 714 potius
619 625 830 692 adferendum
864 635 943 691 erat.
989 623 1057 693 Sed
1090 649 1147 692 rex
1174 626 1230 692 ille
1254 634 1401 714 argento,

270 727 359 812 quod
381 728 511 814 quidem
535 726 698 815 splendet,
720 751 785 793 non
809 730 955 794 caruisse
977 729 1143 815 putandus
1167 738 1228 811 est,
1253 730 1311 795 sed
1334 752 1402 794 mo·

272 829 347 896 dico
372 830 576 918 supellectile
599 852 677 895 usus
700 829 830 898 dicitur.
871 831 917 896 Et
938 830 1024 896 idem
1046 832 1099 896 vir
1121 831 1239 898 doctus
1263 855 1405 918 prorsus

271 943 360 998 recte
376 956 448 998 mea
464 933 595 1020 quidem
612 934 776 998 sententia
793 934 921 998 confert
931 933 1099 1021 Lamprid.
1113 934 1210 1000 Alex.
1223 931 1299 1000 Sev.
1313 937 1355 1002 34
1366 939 1402 998 in

272 1039 418 1102 coercitio
436 1040 693 1118 enrmmnesciit3
703 1039 820 1123 poculo
832 1037 1061 1117 mediocria,
1084 1039 1149 1103 sed
1171 1038 1308 1102 nitido
1326 1059 1408 1102 eem-

270 1161 331 1226 per
355 1140 483 1218 dobnit3
506 1141 716 1205 ducentarum
740 1141 901 1206 librorum
924 1145 1056 1230 arpenti
1078 1142 1233 1228 pondus
1257 1143 1403 1208 ministe-

210 1281 212 1285 -
273 1245 361 1307 riom
384 1243 452 1308 eine
474 1264 646 1328 numquam
663 1246 807 1307 treneiit.
854 1242 960 1307 Paulo
983 1252 1059 1307 ante
1081 1239 1254 1308 aSidonio
1278 1244 1406 1310 dictunr

273 1353 338 1410 cst:
368 1348 455 1410 siin
479 1349 660 1411 concivium
683 1351 822 1428 venitur,
846 1347 929 1434 qeeod
952 1347 1079 1430 qnidem
1108 1346 1219 1413 diebne
1246 1349 1406 1433 profestis.

275 1449 380 1512 simile
398 1450 535 1534 privato
559 1461 693 1530 eat,non
714 1449 764 1514 ibi
785 1453 970 1536 impolitam
993 1453 1175 1535 conperiem
1200 1451 1331 1516 liuentis
1350 1475 1404 1516 er·

273 1554 365 1638 penti
385 1554 502 1616 mensis
526 1553 708 1617 cedentibus
731 1556 926 1640 eoepit-iocur
949 1555 1101 1618 minister
1118 1556 1269 1640 imponit.
1295 1554 1408 1619 Meri-

274 1677 360 1719 mem
388 1666 463 1718 tenc
482 1656 608 1742 pendae
630 1659 666 1718 in
687 1655 795 1720 oerlie
817 1667 873 1720 eet.
916 1656 1051 1722 Pendere
1074 1679 1147 1721 cum
1170 1657 1216 1722 ibi
1243 1658 1407 1744 scriptum.

275 1765 374 1838 esset,
402 1758 575 1844 repetitum
598 1756 740 1822 librariis
764 1759 907 1824 fortasse
929 1757 1111 1844 displicuit.
1156 1759 1272 1844 Neque
1296 1769 1406 1829 tamen

275 1877 361 1946 nego
386 1855 558 1924 Sidonium
592 1861 784 1948 synonymis
818 1861 909 1925 iuxta
941 1862 1062 1948 positis
1098 1863 1258 1926 orationis
1288 1885 1408 1928 ornan-

276 1962 336 2027 dae
360 1985 459 2028 causa
481 1962 587 2027 solere
609 1963 667 2045 uti,
690 1971 757 2027 turn
773 1965 966 2050 praesertim
998 1987 1072 2028 curn
1100 1987 1255 2029 sonorum
1278 1987 1411 2050 quoqne-

276 2065 406 2130 accedit
429 2065 625 2144 similitud03
649 2065 737 2150 qnod
761 2066 921 2132 hocloco
944 2089 1009 2130 non
1034 2067 1080 2132 fit.

295 2447 301 2458 ¹
380 2374 443 2460 Ep.
468 2374 486 2439 I
509 2374 528 2434 2
551 2375 655 2459 (178).
701 2373 824 2456 Quibus
847 2376 938 2440 torte
961 2381 1033 2442 otro
1059 2376 1170 2442 tabula
1194 2377 1324 2455 cordi,
1349 2388 1414 2441 tea-

278 2498 366 2542 eercs
391 2479 519 2565 collipit
542 2479 668 2564 rapide,
691 2480 827 2564 inspicit
855 2478 1004 2562 sollicite,
1026 2482 1128 2545 volvit
1151 2491 1277 2567 arpete,
1300 2481 1405 2543 mittit

278 2585 449 2660 instanter,
479 2582 710 2646 ioculanter
733 2573 956 2668 compellet,
980 2584 1190 2669 patienter
1219 2593 1411 2668 eapectat..

383 2683 426 2748 15.
471 2683 556 2748 Post
590 2684 684 2749 cordi
717 2684 757 2748 ab
791 2683 973 2750 editoribus
1008 2684 1142 2750 additur
1175 2697 1231 2766 est,
1259 2685 1346 2770 quod
1375 2685 1413 2752 iu

278 2785 481 2852 AHRFL
515 2788 682 2868 omissum,
717 2788 750 2851 in
779 2787 800 2852 b
826 2789 1086 2874 superscriptum
1120 2796 1180 2851 est.
1226 2782 1291 2852 (tui
1324 2786 1409 2852 libro

243 2889 246 2892 ’
278 2889 411 2953 minime
443 2889 624 2976 parendum
657 2897 716 2953 est.
763 2890 878 2975 Itaque
906 2903 953 2954 eet
981 2890 1021 2955 ab
1050 2889 1124 2975 ipso
1150 2887 1289 2955 Sidonio
1313 2890 1416 2955 omis·-

281 3014 352 3056 sum
380 2999 440 3056 est.

384 3096 428 3162 li.
462 3095 529 3160 Pro
552 3098 735 3160 ioculanter
758 3096 791 3159 in
813 3095 845 3160 L
859 3095 930 3160 solo
948 3095 1079 3181 repperi
1097 3098 1290 3161 ioculariter
1308 3095 1417 3180 scrip-

281 3208 358 3262 tum.
415 3197 469 3262 Ita
503 3220 538 3263 se
574 3191 713 3263 Colvins
748 3198 893 3263 edidisse
922 3197 1004 3262 dicit
1031 3221 1069 3262 ex
1106 3219 1268 3264 consensu
1301 3218 1418 3260 manu.

283 3302 481 3387 scriptorum
510 3299 671 3381 codicum,
695 3322 768 3364 curn
796 3309 891 3366 antea
913 3299 966 3365 vel
994 3302 1176 3366 ioculanter
1199 3299 1251 3364 vel
1274 3301 1413 3364 luculen-

283 3417 332 3468 ter
355 3404 527 3491 legeretur.
571 3403 657 3468 Eum
680 3413 811 3471 secutus
835 3412 886 3468 est
907 3399 1131 3486 Wouwerius,
1154 3403 1208 3487 qui
1233 3405 1417 3468 ioculanter

281 3529 320 3571 ex
344 3506 472 3573 duobus
495 3507 590 3572 libris
614 3507 801 3572 adnotavit.
847 3506 888 3572 Id
911 3507 1011 3571 ceteri
1038 3506 1181 3570 editores
1210 3513 1418 3590 receperunt,

281 3629 475 3694 quamquam
499 3631 537 3674 ex
561 3609 625 3674 hoa
649 3631 714 3674 uno
738 3609 813 3674 loco
836 3608 932 3673 latini
957 3609 1131 3695 scriptoris
1150 3607 1304 3672 adfertur.
1339 3607 1417 3694 Ego.

184 3709 192 3720 ‘
282 3733 348 3779 nou
367 3711 481 3777 dubito
504 3712 582 3798 quin
598 3708 761 3777 Sidonius
776 3719 914 3798 propter
932 3711 1181 3776 consonantiam
1193 3733 1310 3776 vocum
1328 3712 1420 3774 iocre--

282 3816 391 3881 lenter
413 3814 548 3880 verbum
577 3815 758 3880 novaverit.

388 3918 431 3984 lt.
477 3915 703 4005 Compellit,
726 3918 814 4002 quod
829 3939 890 4004 ego
912 3917 1049 3998 conieci,
1067 3916 1100 3980 in
1123 3917 1144 3981 b
1167 3916 1309 4002 repperi3
1334 3936 1420 3979 com-

279 4024 383 4108 pellet
406 4029 514 4087 tamen
538 4020 616 4086 ferri
639 4043 739 4108 posse
762 4043 828 4085 non
850 4043 947 4108 nego.

388 4125 432 4189 18.
479 4120 657 4212 Compellct
679 4125 872 4206 ioculanter,
886 4133 1031 4210 expectat
1047 4125 1215 4206 patienter
1238 4144 1276 4186 cx
1300 4120 1418 4202 ARL,

284 4228 448 4292 inversum
472 4226 619 4291 ordinem
642 4249 679 4290 ex
703 4225 812 4290 HbF
835 4225 1000 4310 adnotavi.
1044 4222 1112 4288 Hic
1141 4224 1283 4288 fortasse
1306 4223 1416 4310 magis
