3174 4912
340 257 445 318 lli*

399 441 464 529 Ep.
487 439 503 505 1
526 445 546 508 6
568 443 673 529 (180).
721 441 808 508 Olim
830 445 958 530 qaidern
993 445 1070 509 tibi
1103 446 1280 513 scribere
1315 468 1428 511 conae·

296 545 471 632 pietatem,
494 545 549 612 red
580 568 665 612 nanc
685 549 736 612 ael
762 550 899 612 manime
922 549 1083 632 impellor,
1107 549 1148 614 id
1171 559 1228 612 eet
1251 571 1322 615 cam
1343 549 1429 613 miti

294 651 410 716 ducens
432 653 468 715 in
484 648 596 715 artem
610 647 742 714 Cirieto
755 651 963 738 propitiante
985 653 1050 716 aia
1072 655 1231 739 carpitur.
1250 653 1430 718 tathaee·

294 777 390 822 canta
412 755 463 820 oet
485 755 555 820 eota
577 755 627 819 aet
649 757 800 836 manime,
823 777 893 842 qao
923 766 952 820 te
985 755 1108 820 scilicet
1136 779 1156 820 a
1172 757 1341 845 profando
1371 755 1429 820 do-

294 859 444 923 ·meetieae
468 857 586 944 qnietis
609 867 788 922 retractam
810 857 854 922 ad
877 857 1068 944 capescenda
1088 859 1230 924 militiae
1253 860 1428 946 palatinae

295 983 406 1056 manea
428 979 545 1024 nocem.

398 1063 445 1130 82.
493 1061 573 1127 Tibi
598 1062 739 1128 scribere
762 1061 826 1128 hoc
848 1062 963 1128 ordino
984 1073 1152 1148 ponuntur
1173 1086 1239 1128 non
1262 1062 1428 1129 salumin

294 1167 338 1248 A,
351 1165 410 1232 sed
433 1165 532 1230 etiam
556 1165 590 1229 in
612 1165 647 1231 H
670 1173 703 1230 et
723 1165 756 1247 b,
778 1166 911 1232 inverso
934 1167 968 1230 in
990 1165 1230 1252 VetFatque
1252 1167 1287 1231 in
1309 1165 1428 1232 editio-

293 1269 391 1336 nibus
413 1265 598 1334 Wouwerii
621 1263 801 1334 Savaronir
823 1268 1060 1334 Elmenhorstii
1081 1269 1214 1356 Mignii.

398 1373 444 1440 40.
488 1373 531 1437 In
566 1371 779 1457 sequentibus
806 1370 961 1438 Mohrins
985 1373 1076 1456 (Act.
1098 1393 1168 1438 soc.
1190 1371 1307 1458 philol.
1329 1373 1426 1459 Lips.

298 1477 332 1543 V
357 1477 434 1560 336)
459 1497 497 1540 cx
522 1474 637 1540 codice
659 1471 966 1540 Wolfenbuttelano
995 1474 1058 1540 hoc
1080 1475 1243 1561 reposuit:
1266 1477 1320 1542 eed
1342 1498 1428 1541 nnnc

283 1580 434 1644 *manime
461 1579 622 1666 impellor,
651 1580 730 1642 iter
759 1599 829 1642 cem
856 1579 941 1643 milri
962 1579 1077 1644 ducena
1100 1579 1136 1644 in
1157 1579 1270 1644 arbem
1294 1576 1427 1644 Cdrieto

291 1684 504 1769 propitiante
545 1685 705 1766 carpitur,
745 1680 833 1766 quod
867 1682 896 1745 ei
928 1678 1045 1746 melios
1083 1679 1221 1746 ridetur.
1276 1681 1351 1770 Ego
1385 1680 1428 1745 ad

297 1787 383 1851 hunc
405 1786 514 1852 locum
537 1783 692 1850 adnotavi
715 1785 749 1849 in
770 1783 806 1850 H
827 1808 889 1870 pro
912 1785 948 1849 id
970 1795 1017 1849 eet
1039 1793 1175 1871 propter
1197 1784 1429 1871 compendium

295 1889 388 1956 verbi
411 1900 457 1954 eet
480 1888 665 1953 coniunctis
694 1886 865 1953 vocabulis
893 1885 1050 1973 scriptum
1080 1907 1152 1952 esse
1175 1887 1240 1966 ide,
1263 1886 1298 1951 in
1320 1885 1350 1950 Ia
1372 1890 1430 1952 oia

295 1992 454 2058 omissum
475 2013 515 2056 ac
531 1999 611 2076 post
633 1989 892 2075 superscriptum
914 2010 996 2054 esse.
1040 1989 1093 2054 Ex
1116 1987 1319 2055 huiusmodi
1340 2012 1430 2054 men·

296 2093 349 2158 dis
374 2101 408 2160 et
428 2093 522 2160 verbi
545 2095 602 2158 oio
625 2116 644 2158 a
666 2092 843 2180 participio
857 2092 1002 2178 separati
1025 2091 1242 2157 collocatione
1257 2092 1347 2156 illam
1363 2091 1430 2157 lec-

296 2195 524 2284 tionem-mihi
558 2216 749 2282 persuasum
783 2202 834 2259 est
867 2195 1025 2282 originem
1059 2194 1210 2260 traxisse.
1254 2194 1300 2259 Et
1320 2196 1357 2260 id
1380 2209 1429 2261 eet

295 2299 421 2364 omittit
443 2295 669 2363 Wonwerius.
715 2297 854 2362 Tantam
887 2297 953 2363 vim
974 2296 1169 2384 pondusque
1201 2320 1268 2363 non
1296 2306 1430 2384 oportet

297 2402 455 2469 accedere
476 2405 543 2468 iter
565 2401 681 2479 verbo;
715 2401 749 2465 in
772 2400 970 2486 optimorum
998 2400 1149 2465 codicum
1169 2399 1312 2466 lectione
1340 2409 1430 2467 recte

297 2507 458 2594 premitur
478 2509 515 2572 in
530 2506 652 2586 arbem,
664 2505 740 2588 quia
757 2503 893 2569 Romam
905 2503 967 2568 iter
978 2503 1151 2568 facientem
1162 2503 1301 2568 maxime
1313 2501 1430 2569 decere

295 2609 470 2675 videbatur
493 2607 632 2674 amicum
656 2605 697 2672 ad
720 2606 956 2693 capessendam
992 2627 1060 2670 rem
1086 2605 1252 2692 publicam
1274 2606 1429 2672 excitare.

294 2713 347 2778 De
381 2713 417 2780 id
452 2724 499 2778 eet
520 2734 693 2798 perperam
715 2709 839 2774 omisso
863 2709 914 2774 cfr
934 2730 1016 2794 quae
1044 2707 1112 2773 dixi
1140 2709 1174 2772 in
1202 2708 1288 2792 libri,
1311 2710 1367 2794 qui
1393 2710 1431 2776 in

296 2817 442 2904 scriptus
466 2823 531 2881 est:
556 2807 733 2880 Ciceronis
745 2813 852 2899 primo
864 2811 905 2877 de
921 2811 1041 2876 finibus
1052 2811 1213 2877 bonorum
1224 2813 1430 2878 etmalorum

294 2921 382 2988 libro
404 2919 615 3006 quaestiones
634 2915 914 3003 (Helsingforsiac
933 2915 1041 3001 1878),
1052 2938 1129 3002 pag.
1141 2917 1193 2978 22.
1221 2915 1273 2980 Ex
1287 2911 1429 2981 Sidonio

297 3025 378 3090 haec
402 3025 485 3088 satis
508 3029 560 3087 eet
579 3021 650 3086 eius
664 3041 743 3084 usos
761 3017 888 3083 adferre
911 3017 1074 3104 exempla:
1097 3039 1148 3104 cp.
1173 3018 1331 3105 19(196)
1346 3020 1429 3085 Post

297 3130 433 3212 nuptiae
450 3127 595 3213 patricii
617 3123 804 3202 Ricimerie,
829 3122 870 3186 id
898 3132 955 3186 eet
981 3133 1060 3209 port
1093 3123 1229 3208 imperii
1258 3125 1428 3208 utriusque

299 3251 373 3316 opes
396 3231 588 3294 eventilatae
611 3226 741 3290 tandem
763 3225 905 3290 reditum
927 3235 975 3288 eet
996 3228 1032 3288 in
1050 3223 1216 3310 publicam
1233 3228 1427 3308 serietatem,

296 3331 447 3398 eiusdem
470 3328 632 3417 epistulae
657 3329 717 3394 snb
739 3330 838 3393 finem
861 3330 969 3416 (199):
1003 3331 1075 3394 volo
1100 3332 1258 3416 popinam
1281 3333 1426 3417 plorioso

296 3436 337 3501 id
374 3446 432 3500 eet
465 3433 515 3518 (in
537 3432 572 3497 H
595 3441 645 3497 est
669 3432 737 3510 ide‘)
771 3434 865 3518 qnasi
890 3429 1118 3497 Thrasoniano
1143 3433 1211 3515 fine
1241 3434 1428 3499 concludere

298 3537 453 3604 Plautini
475 3535 749 3624 Pprpopolpnieie
773 3536 964 3619 imitator‚1
989 3535 1133 3621 10(200)
1157 3535 1210 3601 sed
1233 3547 1263 3600 et
1287 3547 1321 3601 ta
1342 3539 1428 3625 cipi·

298 3643 425 3708 tantiae
459 3660 533 3705 enee
566 3659 625 3720 me,
660 3639 699 3704 id
738 3649 795 3703 eet
819 3638 934 3726 famae
967 3659 1053 3702 meae
1087 3649 1207 3702 etatem
1240 3661 1426 3728 cansamque

300 3745 501 3825 commenda,
525 3743 581 3809 ubi
602 3739 816 3809 Wonwerius
845 3741 916 3806 sine
939 3762 1038 3807 causa
1060 3762 1108 3805 me
1130 3741 1167 3806 id
1193 3753 1240 3806 cst
1262 3741 1374 3806 omisit
1395 3751 1428 3807 et

296 3851 331 3916 in
354 3846 585 3913 adnotationes
608 3846 732 3925 reiecit3
754 3846 788 3909 in
810 3844 846 3910 H
868 3843 932 3909 hoc
954 3842 1169 3929 quoqneloco
1185 3844 1243 3908 ide
1262 3843 1427 3909 scribitur.

403 3951 449 4017 ll.
495 3951 537 4016 In
562 3949 665 4015 altera
687 3948 850 4013 sententia
872 3969 944 4033 qna,
968 3969 1034 4012 non
1057 3967 1117 4035 qno
1141 3955 1192 4013 est
1212 3947 1247 4012 in
1269 3945 1427 4028 AHVR,

298 4056 412 4122 facilis
436 4062 469 4120 et
490 4054 687 4133 necessaria,
721 4052 755 4116 ni
778 4050 885 4134 fallor,
919 4048 1102 4115 emendatio
1136 4049 1225 4115 iacta
1256 4058 1308 4115 eet
1339 4049 1427 4116 inL

301 4158 426 4240 codice,
450 4157 505 4222 ubi
529 4157 688 4243 scriptum
709 4163 761 4221 est
782 4177 860 4243 pec,-
892 4151 927 4217 id
951 4148 1146 4219 Sirmondns
1169 4153 1304 4240 recepit,
1331 4177 1427 4240 quem

296 4270 429 4329 secutos
453 4268 504 4326 cst
525 4259 677 4326 Barctns.
