3172 4908
320 245 339 302 li

275 435 364 510 rinc,
386 451 451 514 quo
480 428 673 516 saepissime
701 429 896 516 compendio
923 439 1059 496 utuntur
1085 429 1223 511 librarii,
1245 433 1404 516 religione

275 554 337 619 pro
370 535 498 598 ratione
525 554 600 598 esse
627 531 779 596 effectum
806 539 863 597 aut
889 537 1019 598 ratione
1046 555 1107 618 pro
1132 532 1326 618 compendio
1350 533 1405 597 ad·

277 634 408 700 modum
431 657 504 698 raro
529 634 681 700 vocabuli
704 637 863 721 religione
887 635 1033 700 habitum
1054 634 1212 700 credibile
1240 643 1301 700 est.

377 943 441 1029 Ep.
465 945 483 1008 l
507 946 526 1006 2
550 945 655 1026 (177).
701 941 815 1006 Horo
848 943 1015 1008 secunda
1048 946 1156 1029 surgit
1189 965 1204 1006 c
1239 945 1320 1008 solio
1349 955 1403 1008 ant

278 1046 439 1112 thesauris
462 1046 677 1132 inspiciendis
700 1057 876 1111 vocaturus
899 1057 955 1110 out
978 1047 1124 1112 stabulis.
1169 1046 1211 1110 Si
1236 1050 1404 1110 venatione

275 1152 428 1214 nuntiata
453 1151 613 1236 procedit,
640 1171 752 1212 orcum
775 1151 876 1214 lateri
896 1153 1057 1214 innectere
1093 1153 1179 1215 citra
1206 1153 1404 1236 pronitatem

275 1255 404 1339 repicrn
424 1253 560 1316 iudicat.
606 1249 706 1332 Quem
730 1265 846 1333 tamen,
870 1259 900 1316 ci
927 1257 1102 1318 comminus
1124 1275 1214 1318 ocem
1232 1253 1404 1340 seramque

276 1366 333 1420 cut
361 1357 493 1419 venanti
519 1366 677 1420 monstres
700 1369 757 1420 out
779 1357 890 1420 vianti
902 1356 995 1440 fors
1018 1357 1180 1442 offorot,
1203 1359 1403 1440 mancipent

276 1469 403 1543 tergum
419 1458 557 1543 rcflccnc
571 1478 653 1544 puer
664 1462 784 1522 inserit
799 1481 897 1524 nervo
922 1461 1029 1524 lorove
1045 1460 1266 1544 fluitantibus.
1305 1459 1404 1540 Quem

275 1565 359 1627 sicut
387 1561 516 1648 puerile
541 1571 704 1646 computat
730 1572 858 1647 gestaru
888 1561 1047 1626 (boeotum
1070 1564 1119 1626 ito
1142 1563 1297 1628 muliebre
1321 1566 1404 1628 occi·

275 1687 353 1752 perc
376 1671 453 1728 iarn
477 1676 608 1730 tensum.
1118 1721 1122 1728 .

379 1769 426 1834 ll.
470 1767 592 1832 Primis
614 1765 723 1830 verbis
748 1766 810 1832 boc
833 1767 930 1832 modo
948 1767 1085 1852 positis:
1110 1768 1193 1832 tora
1215 1779 1274 1832 cst
1296 1790 1404 1832 sccun-

276 1873 334 1937 do:
368 1874 476 1958 surpit
509 1878 542 1934 et
563 1891 594 1953 q.
618 1892 644 1932 s.
668 1869 781 1934 nescio
809 1891 906 1953 quam
929 1870 1125 1956 elegantiam
1149 1870 1225 1936 hnic
1249 1870 1322 1934 loco
1347 1870 1402 1934 vix

275 1986 387 2061 aptam
408 1971 643 2038 affectaverunt
659 1971 786 2036 librarii
802 1971 837 2034 in
859 1971 893 2036 H
905 1971 936 2038 R
948 1972 973 2036 Z
986 1972 1007 2038 b
1020 1972 1056 2038 X
1080 1972 1260 2053 codicibus,
1284 1996 1403 2058 appro-

275 2077 394 2143 barunt
405 2073 616 2140 chwerius
635 2069 830 2139 Sirmcndus
842 2073 993 2159 Mignius
1005 2073 1163 2154 Baretus3
1186 2098 1248 2161 ego
1265 2076 1298 2140 A
1313 2084 1347 2140 et
1362 2075 1402 2156 L,

277 2180 310 2244 in
333 2178 451 2263 quibus
474 2190 520 2242 cst
543 2177 714 2256 omittitur,
738 2197 854 2261 parcre
886 2175 996 2242 malui.
1041 2177 1170 2242 Eodem
1203 2180 1271 2242 fere
1304 2177 1402 2242 ruodo

276 2282 374 2368 paulo
408 2289 487 2366 post
520 2280 680 2343 variatum
713 2288 764 2343 est
792 2278 826 2341 in
849 2278 929 2342 ret
950 2279 971 2343 b
996 2265 1176 2360 codicibus,
1198 2281 1237 2343 in.
1255 2278 1313 2343 illc
1336 2281 1403 2367 pri-

260 2405 361 2450 ‘mnm
383 2384 527 2469 positum
550 2391 601 2446 est
623 2384 654 2445 si
674 2384 802 2446 uenatio
825 2384 987 2462 nuntiata,
1010 2381 1128 2446 deinde
1145 2405 1183 2446 ne
1201 2383 1404 2467 superscrip-

276 2497 354 2567 tum,
366 2487 403 2570 id
417 2509 495 2551 vero
512 2487 621 2571 ipsum
637 2486 671 2551 iu
689 2485 849 2549 derasum
865 2492 925 2548 est.
959 2483 1035 2548 Hoc
1052 2492 1159 2550 tameu
1172 2507 1266 2569 quem
1284 2492 1404 2550 tracta·

274 2612 346 2656 mus
368 2589 444 2653 loco
468 2589 515 2653 itu
538 2597 649 2652 natum
671 2587 800 2652 videtur
823 2588 905 2650 bora
928 2599 974 2652 cst
991 2588 1139 2666 secundo,
1163 2595 1209 2668 ut,
1232 2596 1404 2672 cumpost

276 2695 357 2759 bono
391 2694 529 2760 secunda
561 2691 804 2777 interpunetum
838 2699 925 2755 esset
947 2691 1050 2773 (sicut
1076 2690 1110 2754 in
1144 2690 1403 2756 antecedentium

277 2795 512 2862 sententiarum
547 2794 649 2860 initiis
672 2800 751 2879 post
778 2796 939 2881 reliquum
966 2815 1059 2858 mnne
1083 2793 1116 2856 in
1139 2795 1181 2873 A,
1204 2800 1283 2878 post
1306 2815 1403 2857 crura

275 2898 309 2964 in
331 2898 377 2981 Η,
399 2906 478 2984 post
500 2919 610 2962 cruam
633 2898 727 2961 dorsi
748 2896 782 2959 in
805 2896 848 2977 A,
870 2903 948 2981 post
972 2895 1067 2962 labro
1090 2895 1124 2958 in
1141 2896 1184 2975 A,
1202 2903 1280 2981 post
1296 2899 1404 2960 cercis

275 3001 307 3064 in
345 3000 568 3087 compluribus
592 2997 763 3065 codicibus
798 2999 920 3062 factum
949 3001 1026 3084 est),
1055 3021 1092 3062 ea
1122 2998 1269 3062 clausula
1291 2998 1403 3063 addito

275 3116 321 3170 est
345 3104 378 3168 in
402 3103 562 3168 enuntiati
586 3104 723 3166 formam
746 3099 958 3188 redigeretur.

379 3207 422 3272 li.
451 3205 572 3270 Verbis
580 3207 659 3290 forr
677 3205 792 3291 offerat
810 3212 921 3268 carent
940 3205 973 3267 A
984 3203 1019 3268 H
1032 3203 1057 3267 Z
1070 3203 1171 3268 bXY
1187 3204 1286 3268 Laur.
1303 3204 1403 3270 XLV

274 3311 315 3374 ⁶26
351 3307 578 3373 Bruxellcusis
612 3306 811 3392 Lipsiensis,
835 3307 912 3371 item
935 3307 1014 3372 [ΑΒ.
1063 3304 1145 3372 Sci-c
1191 3310 1347 3393 optulerit
1371 3309 1403 3371 in

274 3412 308 3478 N
343 3433 416 3477 esse
450 3410 587 3476 adnotat
619 3409 770 3490 BaretuS,
803 3411 879 3476 deus
908 3409 1063 3475 obtulerit
1092 3433 1129 3472 en
1161 3431 1324 3474 consensu
1347 3433 1403 3474 sex

275 3514 433 3580 librorum
457 3535 492 3578 se
514 3512 692 3578 inseruisse
715 3510 797 3578 dicit
818 3510 1039 3595 Wonwerius‚
1057 3503 1094 3579 di
1118 3512 1236 3578 obtulit
1258 3537 1278 3576 a
1299 3510 1405 3577 Wou-

276 3619 376 3684 wcrio
401 3641 440 3682 ex
464 3613 529 3682 MS
554 3615 719 3682 Victorini
743 3614 877 3680 nullatum
900 3638 961 3702 ego
984 3617 1027 3680 in
1046 3616 1192 3703 margine
1221 3616 1348 3680 codicis
1376 3616 1403 3679 l*

275 3729 309 3786 ct
330 3721 364 3784 in
386 3719 417 3786 ll
439 3717 522 3796 vidi;
555 3719 590 3783 in
616 3716 644 3783 U
669 3709 706 3784 di
729 3719 848 3804 optulit
881 3728 940 3783 est.
988 3719 1069 3783 Sors
1103 3721 1218 3808 offerat
1241 3727 1404 3805 repertum

275 3832 327 3890 est
359 3823 393 3888 in
427 3819 743 3902 ll'oll'cubuttelarm,
777 3821 811 3886 iu
845 3821 873 3886 L
906 3822 1180 3908 superscriptum,
1213 3821 1248 3886 id
1282 3847 1301 3885 a
1335 3815 1405 3890 Sir.-

275 3927 395 3995 mondo
419 3925 549 4012 Mignic
583 3925 704 3990 Bareto
735 3932 896 3989 retentum
923 3924 1076 3989 Mobrius
1100 3925 1192 4010 (Act.
1223 3922 1300 3990 Soc.
1323 3923 1403 4010 phil.

274 4030 370 4116 Lips.
395 4037 472 4093 torn.
496 4027 528 4092 V
551 4051 627 4114 pag.
651 4030 728 4112 339)
751 4030 785 4094 in
799 4028 878 4114 fors
901 4029 1016 4115 offerat
1038 4028 1186 4108 mutavit,
1216 4027 1270 4092 cui
1292 4049 1405 4092 assen-

275 4133 331 4197 tiri
360 4129 488 4196 videtur
511 4129 553 4194 O.
576 4130 730 4196 Kellerus
765 4130 1018 4217 (Epilegomeua
1049 4153 1088 4194 zu
1116 4129 1232 4194 Horas
1260 4130 1298 4194 II
1324 4129 1405 4215 Lip-

275 4237 345 4301 siae
371 4235 451 4299 1880
480 4257 555 4320 pug.
584 4235 670 4314 422).
717 4231 784 4299 Sed
818 4233 880 4298 boc
914 4232 1016 4296 multo
1045 4232 1258 4298 verisimilius
1286 4243 1338 4297 est
1370 4233 1404 4296 in
