3186 4900
313 225 355 289 56

269 425 368 493 cerat,
390 413 490 476 nullis
514 422 643 474 tuorum
666 411 839 472 certamine
863 430 900 471 aar
923 419 1013 472 tanto
1041 409 1290 472 desideratis
1314 412 1399 474 salus

202 543 203 548 ¹
264 517 408 604 planitie
432 536 541 600 quam
561 514 848 599 patentissima
868 512 1049 598 potiebare,
1073 505 1143 576 cvm
1167 511 1230 576 tibi
1253 534 1319 576 non
1341 513 1398 576 da·

270 632 320 684 ret
345 629 391 683 tot
412 641 523 704 pupna
546 617 659 697 socios,
683 627 759 704 quot
782 618 860 681 solet
884 637 993 680 meuse
1017 617 1176 680 convivas.
1221 613 1310 680 Hinc
1333 617 1400 680 iam

267 745 329 810 per
357 723 459 788 atium
481 725 517 784 in
539 721 650 786 vrbem
673 719 796 796 reduci,
819 719 898 806 quid
922 718 984 784 tibi
1017 719 1171 782 obviam
1200 740 1399 804 processe·

271 829 328 890 rit
352 825 532 914 officiarum
550 825 724 908 plausuum
745 824 875 902 fletuum
902 823 1109 907 grandiorum,
1132 825 1238 908 mapis
1273 833 1400 886 tentant

271 941 346 994 vote
370 929 525 1006 conicere,
549 949 644 1013 qvam
666 926 764 992 verba
788 947 945 991 reserare.
982 923 1153 1011 Siquidem
1176 946 1304 990 cernere
1328 937 1400 990 erat

270 1032 403 1118 refertis
428 1031 656 1115 capacissimae
680 1031 791 1094 domus
819 1031 920 1094 atriis
948 1031 1041 1094 illam
1073 1032 1179 1114 ipsam
1202 1029 1400 1116 felicissi-

269 1157 364 1198 mam
387 1136 505 1220 stipati
527 1134 651 1198 reditus
676 1137 725 1198 tvi
748 1134 938 1210 ovationem,
962 1133 1037 1198 dum
1060 1135 1123 1197 alii
1150 1134 1266 1197 osculis
1289 1135 1401 1220 pulve-

270 1261 338 1302 rem
362 1250 450 1302 tuum
473 1240 618 1323 rapiunt,
637 1238 699 1301 alii
723 1239 914 1323 sanquine
938 1258 982 1300 oc
1005 1239 1150 1322 spumis
1170 1240 1309 1323 pinpvia
1323 1238 1400 1313 fre·

270 1365 318 1405 na
346 1342 536 1427 suscipiunt,
565 1343 626 1405 alii
661 1343 813 1406 sellarum
841 1343 1036 1426 equestrium
1064 1341 1246 1427 madefacta
1272 1341 1401 1406 sudari-

270 1444 326 1508 bus
340 1445 456 1531 fulcra
479 1448 682 1529 resupinant,
705 1447 768 1509 olii
791 1445 828 1508 de
853 1466 988 1509 caucaso
1018 1445 1081 1508 tibi
1109 1445 1244 1509 cassidis
1273 1447 1399 1509 orituro

260 1549 472 1636 flevilium
506 1551 702 1614 laminarum
733 1550 862 1614 vincula
896 1548 1092 1634 diffibulant,
1116 1550 1178 1612 alii
1200 1550 1400 1632 cuplicarsdis

272 1675 440 1716 ocrearum
474 1653 605 1716 necibus
635 1654 856 1737 implicantur,
880 1652 942 1716 alii
971 1651 1191 1716 hebetatorum
1214 1653 1307 1716 caede
1329 1655 1401 1737 pla-

271 1757 401 1820 diorum
425 1759 531 1820 latero
554 1756 688 1820 dentata
706 1768 950 1842 pernumerant,
964 1757 1026 1820 alii
1048 1758 1163 1820 caesim
1187 1766 1280 1841 atque
1298 1779 1400 1842 punc-

272 1863 330 1923 tim
344 1859 568 1945 foraminatos
593 1861 731 1924 circulos
756 1861 934 1924 loricarum
957 1860 1073 1944 dipitis
1097 1859 1320 1924 livescentibus
1336 1881 1399 1924 rne-

272 1967 409 2027 tiuntur.
455 1962 522 2027 Hic
556 1965 631 2027 licet
663 1965 760 2028 mulli
783 1962 997 2048 compleuibns
1022 1973 1150 2027 luorum
1179 1963 1399 2047 tripudiantes

273 2065 547 2143 adhaerescerent,
571 2068 606 2128 in
630 2079 659 2130 te
676 2069 832 2131 maninus
851 2079 957 2130 tamen
976 2067 1123 2131 laetitiae
1140 2067 1316 2152 popularis
1338 2069 1400 2128 irn-

265 2180 361 2254 petus
384 2169 633 2253 conperebatur3
668 2170 855 2254 tandemque
884 2170 919 2232 in
943 2169 1072 2234 teerbam
1094 2172 1248 2234 inermem
1271 2169 1399 2256 quidem

270 2293 414 2350 veneras,
449 2273 503 2336 sed
536 2273 574 2337 de
609 2297 669 2360 qua
706 2285 734 2336 te
768 2295 824 2338 nec
853 2285 998 2338 armatus
1021 2275 1190 2352 evolveres,
1210 2274 1399 2358 ferebasque

272 2378 460 2440 nimirum
483 2379 647 2462 elepantos·
669 2381 811 2464 ineptias
844 2379 1086 2464 proculcatum
1121 2387 1151 2440 et
1173 2378 1248 2443 dum
1270 2381 1401 2440 irruen-

274 2492 340 2545 tum
374 2482 567 2546 tumultuosa
602 2481 760 2566 diriperis
785 2483 944 2568 amplenu,
978 2502 1013 2546 eo
1043 2481 1242 2546 condicionis
1266 2503 1401 2546 accesse-

272 2607 327 2646 ras
345 2585 515 2670 piissimus
545 2584 672 2669 publici
694 2588 816 2648 amaris
842 2587 1016 2671 interpres,
1038 2597 1073 2648 ut
1101 2605 1223 2649 necesse
1246 2595 1325 2649 esset
1347 2587 1401 2648 illi

270 2687 453 2751 uberiorem
475 2687 599 2760 referre
623 2701 652 2751 te
674 2690 899 2775 9rotiam,qui
916 2690 978 2753 tibi
995 2689 1181 2753 liberiorem
1194 2690 1328 2776 fecisset
1351 2689 1401 2750 in-

272 2793 403 2856 iuriam.
437 2789 538 2855 Taceo
562 2793 710 2877 deinceps
734 2792 897 2878 collepisse
921 2804 950 2856 te
971 2794 1115 2877 privatis
1137 2792 1262 2856 viribus
1276 2791 1403 2876 publici

271 2897 427 2958 coercitus
450 2896 594 2981 speciem,
620 2899 735 2981 parvis
768 2898 963 2960 estrinsecus
990 2898 1151 2960 maiorum
1174 2894 1286 2981 opibus
1310 2895 1402 2960 adiu

273 3007 349 3078 turn,
372 3010 402 3061 et
425 2999 650 3084 irsferiares}
672 2999 812 3063 bostium
835 3011 908 3063 onte
931 2999 1096 3063 discursus
1120 3000 1290 3082 coelipetis
1315 3017 1401 3062 coer·

274 3103 373 3165 coisse
402 3102 624 3186 populatibus.
676 3103 778 3166 'l'acca
803 3114 831 3166 te
856 3105 979 3189 aliquot
1014 3102 1317 3189 superventibus
1351 3124 1402 3166 cu·

273 3226 347 3268 neos
370 3217 524 3268 mactasse
549 3208 703 3270 turmales
726 3227 740 3268 e
764 3228 896 3270 numera
926 3217 1055 3272 tuorum
1076 3210 1131 3270 viv
1153 3207 1238 3271 binis
1263 3210 1401 3270 ternisve

269 3318 344 3393 post
372 3307 536 3393 praelium
559 3309 763 3386 desideratis,
795 3320 825 3372 et
859 3321 983 3374 tantum
1016 3310 1214 3374 calamitatis
1249 3311 1401 3374 adversae

270 3415 407 3496 partis
430 3413 611 3495 inopinatis
635 3413 865 3477 certaminibus
888 3414 1058 3498 inflictum,
1080 3425 1116 3478 ut
1139 3416 1281 3478 occulere
1299 3435 1401 3478 caesa-

273 3537 346 3593 rum
368 3517 631 3580 numerositatem
650 3498 784 3580 consilio
809 3517 1048 3600 deformiore
1071 3517 1318 3582 meditarentur.
1348 3514 1402 3581 Si-

275 3619 403 3705 quidem
426 3639 501 3704 quos
526 3619 656 3683 tiemari
678 3642 742 3684 reos
770 3622 931 3686 succincta
950 3621 1167 3706 prohibuerat
1191 3622 1402 3686 decervicatis

261 3706 397 3807 ¹liquere
422 3723 643 3805 cadaveribus,
669 3735 831 3809 tamquam
853 3727 990 3788 minoris
1018 3725 1140 3788 indicii
1164 3725 1258 3811 forat
1292 3747 1403 3810 quom

275 3828 388 3890 villis
412 3829 576 3912 opnosci
599 3832 753 3892 crinitum
776 3829 937 3894 dimisisse
961 3842 1153 3894 truncatum.

381 3931 442 3995 189.
487 3932 631 3997 Dativus
660 3938 786 4019 apnsini
808 3932 886 4017 quid
915 3933 968 3998 hie
995 3942 1071 4020 agat
1093 3955 1166 3998 eum
1189 3957 1254 3997 non
1278 3933 1403 3998 intelle-

276 4056 361 4118 gam,
386 4035 496 4100 nescio
520 4059 560 4100 en
585 4041 725 4121 apminis
750 4035 957 4102 scribendum
974 4036 1026 4100 sit.
1054 4035 1162 4100 Aliter
1178 4037 1261 4122 ep.[
1280 4039 1297 4097 2
1313 4039 1403 4122 (lib)

277 4135 358 4200 illud
381 4137 504 4204 dictum
527 4147 595 4206 est:
619 4164 752 4230 namque
770 4141 851 4208 bursa
875 4143 944 4208 illi
967 4140 1079 4209 crebro
1104 4143 1242 4209 colorem
1258 4163 1321 4205 nou
1339 4144 1404 4224 ira,

277 4241 331 4308 scd
352 4235 546 4310 verecundia
558 4244 658 4331 fecit.
