3172 4908
1227 253 1261 315 ll

182 441 345 507 crescendi
367 445 454 506 inter
479 441 658 506 bibendum
672 440 938 525 philosophantes
964 440 1075 518 ferias
1096 441 1308 506 inlsonoroto-

180 567 254 610 rum
277 546 412 610 laudant
435 544 517 610 uitio
542 543 772 622 desidiae,non
795 543 901 606 studio
920 543 1144 628 perfectionis.
1177 543 1307 608 Huius

179 652 283 712 enirn
310 649 472 732 appetitus
500 669 537 710 ne
560 647 664 711 adlino
680 649 795 732 pueris
817 649 891 710 usui
905 646 1009 731 foret,
1032 651 1193 710 maiorum
1221 648 1308 711 indi·

181 755 231 816 aio
254 752 463 816 reiciebatur.

282 854 327 920 2⁸.
375 851 479 918 Huius
502 856 596 934 enim,
619 852 707 936 quod
729 853 762 916 A
785 852 911 918 oodiois
935 853 1128 918 siisctoritnte
1146 875 1307 918 commen-

178 957 291 1021 datum
324 955 365 1020 ad
400 955 583 1040 proximum
618 955 820 1020 commodius
850 956 998 1036 rol'ortun
1023 955 1165 1020 scribere
1188 955 1306 1018 insilue-

179 1067 255 1124 runt
279 1055 404 1124 Savaro
427 1056 756 1142 Elmenhorstiusque
779 1081 875 1142 quam
899 1061 997 1133 ouius,
1020 1058 1121 1143 quod,
1149 1081 1221 1123 oum
1245 1059 1307 1122 hoa

179 1163 312 1227 verbum
336 1162 421 1226 siout
443 1161 477 1224 in
499 1161 532 1225 V
556 1169 589 1226 et
611 1159 644 1225 U
667 1163 800 1226 omnino
831 1163 971 1243 abesset,
1000 1161 1145 1226 additum
1168 1170 1306 1226 estnon

181 1264 287 1329 solum
310 1264 343 1328 in
360 1263 505 1328 eiusdem
522 1265 653 1350 generis
675 1265 769 1330 libris
788 1265 816 1330 F
840 1275 877 1329 et
893 1265 934 1343 Is,
958 1264 1131 1328 sedetiam
1154 1264 1188 1328 in
1211 1264 1254 1344 H,
1273 1265 1306 1327 in

177 1389 243 1451 quo
267 1375 317 1432 ost
338 1389 462 1445 rasura,
485 1368 519 1430 in
543 1366 617 1430 aliis
635 1391 713 1431 vero
732 1367 901 1432 codicibus
920 1390 993 1431 mun
1010 1367 1306 1453 eovpropinquitato

180 1470 375 1551 coniunctio,
406 1469 462 1534 setl
491 1471 727 1535 recentioribus
756 1469 858 1536 1th
886 1471 920 1534 in
943 1470 1016 1555 ipsa
1039 1470 1124 1534 lineo
1148 1471 1306 1555 seriptum

179 1573 343 1637 invenitur
371 1573 422 1659 (in
445 1573 464 1637 b
488 1581 594 1636 tamen
623 1595 737 1636 rasura
760 1573 841 1658 est);
864 1573 897 1636 in
920 1572 952 1636 Y
975 1594 1102 1656 quoque
1122 1574 1211 1636 ouius
1233 1595 1306 1637 osso

178 1675 350 1742 adnotavit
372 1676 514 1740 Manius.

281 1986 344 2071 Ep.
369 1986 387 2050 I
410 1987 428 2047 5
453 1985 555 2078 (182).
588 1983 681 2048 Viam
703 1983 981 2068 etiam(inquiris)
1005 1987 1130 2070 qualem
1152 1988 1306 2072 pariliter-

183 2109 241 2174 que
259 2089 459 2167 confecerim,
471 2108 548 2172 quos
572 2100 627 2152 aut
643 2089 763 2173 fluuios
776 2089 915 2153 uiderint
925 2100 1096 2172 poetarum
1108 2088 1306 2152 carminibus

178 2193 323 2255 illustres
346 2201 401 2254 ont
423 2190 518 2254 urbes
541 2183 700 2255 moenium
719 2193 785 2254 situ
812 2192 945 2254 inolitas
974 2203 1030 2255 out
1048 2205 1168 2255 neantes
1192 2192 1306 2254 loomi-

178 2315 268 2357 nnm
296 2295 446 2377 opinione
469 2296 617 2379 uulpatos
640 2305 696 2358 aut
720 2315 846 2380 campos
868 2296 1072 2379 proeliorum
1095 2297 1305 2380 replicatione

179 2395 419 2477 monstrabiles,
441 2386 520 2479 quia
542 2399 765 2482 voluptuosum
789 2419 914 2460 censeas
938 2417 1018 2481 queas
1035 2400 1168 2462 lectione
1187 2387 1307 2482 sompe-

180 2500 266 2563 reris
290 2518 399 2561 eorum
422 2502 478 2583 qui
498 2501 701 2585 inspexerint
715 2500 868 2582 fideliore
891 2500 1043 2564 didicisse
1070 2513 1258 2564 memoratu.

282 2603 328 2666 27.
357 2599 535 2666 Hominum
554 2611 717 2666 servatum
735 2603 835 2666 estin
859 2625 934 2683 uno,
957 2601 1046 2686 quod
1064 2603 1173 2684 sciam,
1192 2603 1307 2666 codioa

180 2705 223 2786 A,
246 2705 279 2768 in
313 2727 377 2789 quo
412 2713 520 2769 tumen
543 2701 577 2767 N
600 2727 638 2768 ex
663 2705 682 2766 t
706 2706 850 2788 antiqua,
874 2705 907 2767 ni
936 2703 1043 2784 tollor,
1067 2727 1163 2768 manu
1186 2705 1307 2770 litatum

180 2815 241 2888 est,
254 2807 402 2891 idemque
419 2808 453 2872 in
471 2805 738 2872 solaWouwerii
761 2806 916 2887 editione,
929 2808 984 2872 ubi
1002 2806 1122 2870 nullum
1139 2807 1240 2870 miror
1252 2807 1308 2871 ad-

180 2910 287 2974 notari
310 2909 488 2974 lectionum
509 2909 716 2986 varietatem
739 2913 905 2973 nominum
927 2910 960 2972 in
984 2909 1101 2974 ceteris
1123 2909 1218 2974 tibris
1247 2920 1306 2974 est.

182 3006 246 3078 Oui
263 3012 345 3076 illud
368 3013 438 3077 sino
462 3011 561 3076 dubio
584 3011 834 3097 praeferendum
851 3020 911 3092 ost,
926 3035 998 3076 oum
1015 3035 1079 3076 non
1098 3021 1234 3098 propter
1251 3037 1308 3077 no-

179 3117 268 3181 mina
294 3125 422 3180 montes
456 3115 621 3180 nobilitati
655 3123 711 3179 out
739 3115 865 3202 vtdgati
889 3125 1009 3182 assent.
1056 3114 1177 3202 Opinio
1202 3125 1307 3182 nostem

180 3241 241 3304 pro
256 3220 352 3306 foma
375 3220 520 3304 positum
543 3227 593 3282 est
616 3218 674 3282 itta
697 3219 889 3305 praesertim
918 3225 1032 3300 aetate,
1050 3242 1122 3284 cum
1146 3223 1307 3304 opinatus,

181 3329 218 3384 ut
241 3329 329 3385 reete
352 3329 462 3386 monet
485 3317 623 3401 Savaro,
647 3319 732 3384 idem
756 3329 825 3384 erat
848 3329 943 3405 utque
966 3321 1109 3387 celeber.-

288 3629 352 3714 Ep.
386 3628 405 3692 Ι
438 3631 456 3690 ι’)
491 3629 594 3714 (182).
639 3626 698 3692 Sia
731 3628 866 3714 Alpium
888 3631 976 3716 iupis
1000 3633 1306 3716 appropinquatum,

180 3753 318 3818 qnorum
340 3731 423 3796 milei
445 3734 527 3795 titus
550 3731 713 3818 etfacilis
735 3753 882 3796 ascensus
899 3744 930 3796 et
946 3736 1034 3796 inter
1051 3737 1211 3818 utrinqne
1235 3746 1308 3796 ter·

180 3837 310 3898 rantis
346 3837 452 3900 latero
477 3838 654 3919 praerupti
682 3843 806 3898 oaaats's
834 3838 870 3897 in
890 3837 1010 3902 ,cattum
1034 3833 1163 3899 niuibus
1185 3839 1308 3900 itinera

180 3940 350 4002 mollita.

284 4041 329 4104 28.
378 4036 550 4104 Torrentis
572 4039 685 4104 nescio
710 4039 796 4104 unde
819 4048 983 4125 sumptum
1005 4075 1045 4088 ·-
1069 4039 1102 4104 in
1126 4033 1239 4104 Colvii
1261 4049 1309 4103 ta-

180 4143 366 4208 mennatis
390 4141 453 4206 hoo
475 4141 610 4206 dicitur:
637 4139 667 4206 U
670 4145 807 4226 trinsque
837 4145 994 4207 torrentis
1022 4145 1138 4222 latera,
1161 4141 1207 4205 ita
1230 4143 1309 4208 Via·

115 4297 118 4302 .
182 4247 283 4311 lorini
316 4246 373 4311 lib.
408 4267 484 4327 non,
519 4256 554 4310 ut
587 4245 653 4326 alii,
686 4257 822 4333 utroque
847 4285 885 4294 -
909 4246 943 4309 in
971 4245 1114 4310 editione
1148 4245 1308 4332 principe,
