<?xml version="1.0" encoding="UTF-8"?>
<!DOCTYPE html PUBLIC "-//W3C//DTD XHTML 1.0 Transitional//EN"
    "http://www.w3.org/TR/xhtml1/DTD/xhtml1-transitional.dtd">
<html xmlns="http://www.w3.org/1999/xhtml" xml:lang="en" lang="en">
 <head>
  <title>
</title>
<meta http-equiv="Content-Type" content="text/html;charset=utf-8" />
  <meta name='ocr-system' content='tesseract 3.04.00' />
  <meta name='ocr-capabilities' content='ocr_page ocr_carea ocr_par ocr_line ocrx_word'/>
</head>
<body>
  <div class='ocr_page' id='page_1' title='image "./deapollinarisid00gustgoog_0150.png"; bbox 0 0 3186 4900; ppageno 0'>
   <div class='ocr_carea' id='block_1_1' title="bbox 1184 261 1248 331">
    <p class='ocr_par' dir='ltr' id='par_1_1' title="bbox 1184 261 1248 331">
     <span class='ocr_line' id='line_1_1' title="bbox 1184 261 1248 331; baseline 0.016 -1"><span class='ocrx_word' id='word_1_1' title='bbox 1184 261 1248 331; x_wconf 67' lang='lat' dir='ltr'><strong>121v</strong></span> 
     </span>
    </p>
   </div>
   <div class='ocr_carea' id='block_1_2' title="bbox 153 446 1287 1052">
    <p class='ocr_par' dir='ltr' id='par_1_2' title="bbox 153 446 1287 1052">
     <span class='ocr_line' id='line_1_2' title="bbox 155 446 1285 539; baseline 0.006 -26"><span class='ocrx_word' id='word_1_2' title='bbox 155 458 223 514; x_wconf 86' lang='lat' dir='ltr'><strong>tum</strong></span> <span class='ocrx_word' id='word_1_3' title='bbox 246 459 308 532; x_wconf 84' lang='lat' dir='ltr'><strong>est,</strong></span> <span class='ocrx_word' id='word_1_4' title='bbox 330 452 483 537; x_wconf 85' lang='lat' dir='ltr'><strong>rapidum</strong></span> <span class='ocrx_word' id='word_1_5' title='bbox 506 447 701 517; x_wconf 86' lang='lat' dir='ltr'><strong>Sirmondns</strong></span> <span class='ocrx_word' id='word_1_6' title='bbox 724 452 874 539; x_wconf 84' lang='lat' dir='ltr'><strong>Mignius</strong></span> <span class='ocrx_word' id='word_1_7' title='bbox 898 451 1039 518; x_wconf 82' lang='lat' dir='ltr'><strong>Baretus</strong></span> <span class='ocrx_word' id='word_1_8' title='bbox 1063 446 1190 518; x_wconf 51' lang='lat' dir='ltr'><strong>edunt(</strong></span> <span class='ocrx_word' id='word_1_9' title='bbox 1220 456 1285 521; x_wconf 93' lang='lat' dir='ltr'><strong>Illo</strong></span> 
     </span>
     <span class='ocr_line' id='line_1_3' title="bbox 156 551 1286 643; baseline 0.005 -26"><span class='ocrx_word' id='word_1_10' title='bbox 156 562 263 618; x_wconf 81' lang='lat' dir='ltr'><strong>autem</strong></span> <span class='ocrx_word' id='word_1_11' title='bbox 291 556 390 620; x_wconf 90' lang='lat' dir='ltr'><strong>verbo</strong></span> <span class='ocrx_word' id='word_1_12' title='bbox 413 551 577 619; x_wconf 84' lang='lat' dir='ltr'><strong>&#39;Sidonius</strong></span> <span class='ocrx_word' id='word_1_13' title='bbox 601 577 667 620; x_wconf 90' lang='lat' dir='ltr'><strong>non</strong></span> <span class='ocrx_word' id='word_1_14' title='bbox 690 563 756 620; x_wconf 79' lang='lat' dir='ltr'><strong>tam</strong></span> <span class='ocrx_word' id='word_1_15' title='bbox 779 556 895 620; x_wconf 85' lang='lat' dir='ltr'><strong>famem</strong></span> <span class='ocrx_word' id='word_1_16' title='bbox 920 552 1052 643; x_wconf 76' lang='lat' dir='ltr'>Scyllae</span> <span class='ocrx_word' id='word_1_17' title='bbox 1076 558 1223 622; x_wconf 77' lang='lat' dir='ltr'><strong>rabidam</strong></span> <span class='ocrx_word' id='word_1_18' title='bbox 1245 599 1286 608; x_wconf 91' lang='lat'><em>-</em></span> 
     </span>
     <span class='ocr_line' id='line_1_4' title="bbox 154 656 1287 748; baseline 0.007 -29"><span class='ocrx_word' id='word_1_19' title='bbox 154 656 268 742; x_wconf 83' lang='lat' dir='ltr'>gallici</span> <span class='ocrx_word' id='word_1_20' title='bbox 287 657 482 744; x_wconf 79' lang='lat' dir='ltr'><strong>interpretes</strong></span> <span class='ocrx_word' id='word_1_21' title='bbox 501 658 548 722; x_wconf 87' lang='lat' dir='ltr'><strong>sie</strong></span> <span class='ocrx_word' id='word_1_22' title='bbox 567 665 710 722; x_wconf 86' lang='lat' dir='ltr'><strong>vertunt:</strong></span> <span class='ocrx_word' id='word_1_23' title='bbox 736 683 775 722; x_wconf 86' lang='lat' dir='ltr'><strong>au</strong></span> <span class='ocrx_word' id='word_1_24' title='bbox 792 658 918 746; x_wconf 85' lang='lat' dir='ltr'><strong>gouffre</strong></span> <span class='ocrx_word' id='word_1_25' title='bbox 936 658 1097 724; x_wconf 74' lang='lat' dir='ltr'><strong>devorant</strong></span> <span class='ocrx_word' id='word_1_26' title='bbox 1114 659 1154 724; x_wconf 87' lang='lat' dir='ltr'><strong>de</strong></span> <span class='ocrx_word' id='word_1_27' title='bbox 1173 658 1287 748; x_wconf 78' lang='lat' dir='ltr'><strong>Scylla</strong></span> 
     </span>
     <span class='ocr_line' id='line_1_5' title="bbox 157 759 1286 848; baseline 0.005 -25"><span class='ocrx_word' id='word_1_28' title='bbox 157 800 195 808; x_wconf 93' lang='lat'>—</span> <span class='ocrx_word' id='word_1_29' title='bbox 219 783 316 844; x_wconf 84' lang='lat' dir='ltr'><strong>qnam</strong></span> <span class='ocrx_word' id='word_1_30' title='bbox 340 784 454 825; x_wconf 81' lang='lat' dir='ltr'><strong>eanum</strong></span> <span class='ocrx_word' id='word_1_31' title='bbox 478 760 567 824; x_wconf 88' lang='lat' dir='ltr'><strong>illius</strong></span> <span class='ocrx_word' id='word_1_32' title='bbox 591 761 713 825; x_wconf 84' lang='lat' dir='ltr'><strong>rabiem</strong></span> <span class='ocrx_word' id='word_1_33' title='bbox 735 761 815 826; x_wconf 89' lang='lat' dir='ltr'><strong>mihi</strong></span> <span class='ocrx_word' id='word_1_34' title='bbox 832 760 960 826; x_wconf 86' lang='lat' dir='ltr'><strong>videtur</strong></span> <span class='ocrx_word' id='word_1_35' title='bbox 978 763 1193 848; x_wconf 86' lang='lat' dir='ltr'><strong>expressisse.</strong></span> <span class='ocrx_word' id='word_1_36' title='bbox 1222 759 1286 830; x_wconf 81' lang='lat' dir='ltr'><strong>Otr</strong></span> 
     </span>
     <span class='ocr_line' id='line_1_6' title="bbox 155 863 1283 952; baseline 0.004 -24"><span class='ocrx_word' id='word_1_37' title='bbox 155 863 251 928; x_wconf 90' lang='lat' dir='ltr'><strong>Ovid.</strong></span> <span class='ocrx_word' id='word_1_38' title='bbox 276 864 372 928; x_wconf 87' lang='lat' dir='ltr'><strong>Pont.</strong></span> <span class='ocrx_word' id='word_1_39' title='bbox 397 864 449 930; x_wconf 93' lang='lat' dir='ltr'><strong>IV</strong></span> <span class='ocrx_word' id='word_1_40' title='bbox 475 865 525 945; x_wconf 88' lang='lat'><strong>10,</strong></span> <span class='ocrx_word' id='word_1_41' title='bbox 554 867 593 928; x_wconf 74' lang='grc'><strong>25</strong></span> <span class='ocrx_word' id='word_1_42' title='bbox 618 863 728 951; x_wconf 76' lang='lat' dir='ltr'><strong>Scylla</strong></span> <span class='ocrx_word' id='word_1_43' title='bbox 742 867 852 952; x_wconf 84' lang='lat' dir='ltr'><strong>feris</strong></span> <span class='ocrx_word' id='word_1_44' title='bbox 877 877 990 930; x_wconf 85' lang='lat' dir='ltr'><strong>trunco</strong></span> <span class='ocrx_word' id='word_1_45' title='bbox 1014 867 1097 951; x_wconf 79' lang='lat' dir='ltr'><strong>quod</strong></span> <span class='ocrx_word' id='word_1_46' title='bbox 1122 869 1220 933; x_wconf 84' lang='lat' dir='ltr'><strong>latret</strong></span> <span class='ocrx_word' id='word_1_47' title='bbox 1243 869 1283 933; x_wconf 86' lang='lat' dir='ltr'><strong>ab</strong></span> 
     </span>
     <span class='ocr_line' id='line_1_7' title="bbox 153 969 507 1052; baseline 0.006 -22"><span class='ocrx_word' id='word_1_48' title='bbox 153 969 319 1052; x_wconf 81' lang='lat' dir='ltr'><strong>inpuine</strong></span> <span class='ocrx_word' id='word_1_49' title='bbox 341 970 507 1032; x_wconf 83' lang='lat' dir='ltr'><strong>monstris.</strong></span> 
     </span>
    </p>
   </div>
   <div class='ocr_carea' id='block_1_3' title="bbox 259 1269 729 1358">
    <p class='ocr_par' dir='ltr' id='par_1_3' title="bbox 259 1269 729 1358">
     <span class='ocr_line' id='line_1_8' title="bbox 259 1269 729 1358; baseline -0.004 -18"><span class='ocrx_word' id='word_1_50' title='bbox 259 1269 369 1348; x_wconf 80' lang='lat' dir='ltr'><strong>Carm.</strong></span> <span class='ocrx_word' id='word_1_51' title='bbox 397 1276 427 1357; x_wconf 84' lang='lat'><strong>9,</strong></span> <span class='ocrx_word' id='word_1_52' title='bbox 450 1275 512 1341; x_wconf 85' lang='lat'><strong>339</strong></span> <span class='ocrx_word' id='word_1_53' title='bbox 536 1296 603 1358; x_wconf 88' lang='lat' dir='ltr'><strong>seq.</strong></span> <span class='ocrx_word' id='word_1_54' title='bbox 626 1275 729 1358; x_wconf 83' lang='lat'>(490).</span> 
     </span>
    </p>
   </div>
   <div class='ocr_carea' id='block_1_4' title="bbox 359 1428 1025 2013">
    <p class='ocr_par' dir='ltr' id='par_1_4' title="bbox 362 1428 912 1615">
     <span class='ocr_line' id='line_1_9' title="bbox 362 1428 912 1515; baseline 0.002 -21"><span class='ocrx_word' id='word_1_55' title='bbox 362 1428 427 1494; x_wconf 79' lang='lat' dir='ltr'><strong>Sed</strong></span> <span class='ocrx_word' id='word_1_56' title='bbox 449 1452 506 1494; x_wconf 88' lang='lat' dir='ltr'><strong>uec</strong></span> <span class='ocrx_word' id='word_1_57' title='bbox 530 1429 665 1515; x_wconf 82' lang='lat' dir='ltr'><strong>turpido</strong></span> <span class='ocrx_word' id='word_1_58' title='bbox 689 1433 912 1495; x_wconf 71' lang='lat' dir='ltr'><strong>contumeliosi</strong></span> 
     </span>
     <span class='ocr_line' id='line_1_10' title="bbox 363 1534 902 1615; baseline 0 -17"><span class='ocrx_word' id='word_1_59' title='bbox 363 1535 494 1598; x_wconf 87' lang='lat' dir='ltr'><strong>lectoris</strong></span> <span class='ocrx_word' id='word_1_60' title='bbox 517 1534 654 1597; x_wconf 86' lang='lat' dir='ltr'><strong>nimium</strong></span> <span class='ocrx_word' id='word_1_61' title='bbox 676 1535 810 1598; x_wconf 82' lang='lat' dir='ltr'><strong>uerebor</strong></span> <span class='ocrx_word' id='word_1_62' title='bbox 833 1555 902 1615; x_wconf 88' lang='lat' dir='ltr'><strong>oro,</strong></span> 
     </span>
    </p>

    <p class='ocr_par' dir='ltr' id='par_1_5' title="bbox 359 1638 1025 2013">
     <span class='ocr_line' id='line_1_11' title="bbox 361 1638 961 1724; baseline -0.002 -22"><span class='ocrx_word' id='word_1_63' title='bbox 361 1640 390 1702; x_wconf 82' lang='lat' dir='ltr'><strong>si</strong></span> <span class='ocrx_word' id='word_1_64' title='bbox 413 1649 576 1723; x_wconf 79' lang='lat' dir='ltr'><strong>tamquam</strong></span> <span class='ocrx_word' id='word_1_65' title='bbox 598 1638 736 1721; x_wconf 81' lang='lat' dir='ltr'><strong>pravior</strong></span> <span class='ocrx_word' id='word_1_66' title='bbox 759 1643 961 1724; x_wconf 76' lang='lat' dir='ltr'><strong>severiorque</strong></span> 
     </span>
     <span class='ocr_line' id='line_1_12' title="bbox 359 1740 1025 1828; baseline 0.005 -26"><span class='ocrx_word' id='word_1_67' title='bbox 359 1753 490 1804; x_wconf 83' lang='lat' dir='ltr'><strong>nostrae</strong></span> <span class='ocrx_word' id='word_1_68' title='bbox 517 1740 746 1826; x_wconf 76' lang='lat' dir='ltr'><strong>Terpsichores</strong></span> <span class='ocrx_word' id='word_1_69' title='bbox 768 1744 855 1805; x_wconf 87' lang='lat' dir='ltr'><strong>iocos</strong></span> <span class='ocrx_word' id='word_1_70' title='bbox 878 1741 1025 1828; x_wconf 83' lang='lat' dir='ltr'><strong>refutans</strong></span> 
     </span>
     <span class='ocr_line' id='line_1_13' title="bbox 361 1841 930 1940; baseline 0.002 -35"><span class='ocrx_word' id='word_1_71' title='bbox 361 1855 478 1930; x_wconf 76' lang='lat' dir='ltr'><strong>rupato</strong></span> <span class='ocrx_word' id='word_1_72' title='bbox 504 1841 585 1907; x_wconf 85' lang='lat' dir='ltr'><strong>Coto</strong></span> <span class='ocrx_word' id='word_1_73' title='bbox 610 1846 781 1908; x_wconf 86' lang='lat' dir='ltr'><strong>tetricus</strong></span> <span class='ocrx_word' id='word_1_74' title='bbox 806 1844 930 1940; x_wconf 25' lang='lat' dir='ltr'><strong>labello&amp;</strong></span> 
     </span>
     <span class='ocr_line' id='line_1_14' title="bbox 362 1931 943 2013; baseline 0 -3"><span class='ocrx_word' id='word_1_75' title='bbox 362 1969 473 2011; x_wconf 86' lang='lat' dir='ltr'><strong>norem</strong></span> <span class='ocrx_word' id='word_1_76' title='bbox 495 1947 769 2012; x_wconf 75' lang='lat' dir='ltr'><strong>rhinoceroticam</strong></span> <span class='ocrx_word' id='word_1_77' title='bbox 792 1931 943 2013; x_wconf 77' lang='lat' dir='ltr'><strong>minetur.</strong></span> 
     </span>
    </p>
   </div>
   <div class='ocr_carea' id='block_1_5' title="bbox 156 2131 1289 2633">
    <p class='ocr_par' dir='ltr' id='par_1_6' title="bbox 156 2131 1289 2633">
     <span class='ocr_line' id='line_1_15' title="bbox 257 2131 1289 2217; baseline 0 -17"><span class='ocrx_word' id='word_1_78' title='bbox 257 2135 321 2200; x_wconf 83' lang='lat' dir='ltr'>lll.</span> <span class='ocrx_word' id='word_1_79' title='bbox 367 2131 561 2199; x_wconf 85' lang='lat' dir='ltr'><strong>Sirmondus</strong></span> <span class='ocrx_word' id='word_1_80' title='bbox 598 2137 724 2216; x_wconf 86' lang='lat' dir='ltr'><strong>tertius,</strong></span> <span class='ocrx_word' id='word_1_81' title='bbox 758 2133 847 2217; x_wconf 91' lang='lat' dir='ltr'><strong>quod</strong></span> <span class='ocrx_word' id='word_1_82' title='bbox 875 2134 908 2197; x_wconf 90' lang='lat' dir='ltr'><strong>in</strong></span> <span class='ocrx_word' id='word_1_83' title='bbox 937 2134 1100 2200; x_wconf 78' lang='lat' dir='ltr'><strong>veteribus</strong></span> <span class='ocrx_word' id='word_1_84' title='bbox 1124 2135 1218 2200; x_wconf 91' lang='lat' dir='ltr'><strong>libris</strong></span> <span class='ocrx_word' id='word_1_85' title='bbox 1241 2137 1289 2200; x_wconf 86' lang='lat' dir='ltr'><strong>ait</strong></span> 
     </span>
     <span class='ocr_line' id='line_1_16' title="bbox 156 2222 1288 2324; baseline 0.004 -24"><span class='ocrx_word' id='word_1_86' title='bbox 156 2259 240 2317; x_wconf 85' lang='lat' dir='ltr'><strong>esse,</strong></span> <span class='ocrx_word' id='word_1_87' title='bbox 263 2261 325 2323; x_wconf 83' lang='lat' dir='ltr'><strong>ego</strong></span> <span class='ocrx_word' id='word_1_88' title='bbox 348 2238 382 2300; x_wconf 90' lang='lat' dir='ltr'><strong>in</strong></span> <span class='ocrx_word' id='word_1_89' title='bbox 405 2237 438 2301; x_wconf 83' lang='lat' dir='ltr'>A</span> <span class='ocrx_word' id='word_1_90' title='bbox 461 2245 494 2302; x_wconf 89' lang='lat' dir='ltr'><strong>et</strong></span> <span class='ocrx_word' id='word_1_91' title='bbox 517 2237 546 2301; x_wconf 78' lang='lat' dir='ltr'><strong>rt</strong></span> <span class='ocrx_word' id='word_1_92' title='bbox 568 2239 697 2324; x_wconf 87' lang='lat' dir='ltr'><strong>repperi</strong></span> <span class='ocrx_word' id='word_1_93' title='bbox 722 2222 844 2324; x_wconf 74' lang='lat' dir='ltr'><strong>(liius),</strong></span> <span class='ocrx_word' id='word_1_94' title='bbox 868 2238 979 2302; x_wconf 85' lang='lat' dir='ltr'><strong>nescio</strong></span> <span class='ocrx_word' id='word_1_95' title='bbox 1003 2262 1043 2301; x_wconf 82' lang='lat' dir='ltr'><strong>an</strong></span> <span class='ocrx_word' id='word_1_96' title='bbox 1066 2247 1153 2303; x_wconf 83' lang='lat' dir='ltr'><strong>reete</strong></span> <span class='ocrx_word' id='word_1_97' title='bbox 1176 2239 1288 2304; x_wconf 85' lang='lat' dir='ltr'><strong>defen-</strong></span> 
     </span>
     <span class='ocr_line' id='line_1_17' title="bbox 159 2339 1287 2428; baseline 0.004 -25"><span class='ocrx_word' id='word_1_98' title='bbox 159 2339 245 2404; x_wconf 86' lang='lat' dir='ltr'><strong>derit</strong></span> <span class='ocrx_word' id='word_1_99' title='bbox 268 2340 367 2405; x_wconf 84' lang='lat' dir='ltr'><strong>allato</strong></span> <span class='ocrx_word' id='word_1_100' title='bbox 392 2340 465 2405; x_wconf 85' lang='lat' dir='ltr'><strong>loco</strong></span> <span class='ocrx_word' id='word_1_101' title='bbox 489 2340 656 2404; x_wconf 81' lang='lat' dir='ltr'><strong>Iuvenalis</strong></span> <span class='ocrx_word' id='word_1_102' title='bbox 687 2341 722 2427; x_wconf 90' lang='grc' dir='ltr'><strong>(Ι</strong></span> <span class='ocrx_word' id='word_1_103' title='bbox 745 2343 776 2422; x_wconf 81' lang='grc'><strong>2,</strong></span> <span class='ocrx_word' id='word_1_104' title='bbox 799 2342 855 2428; x_wconf 88' lang='grc'><strong>39)</strong></span> <span class='ocrx_word' id='word_1_105' title='bbox 880 2343 995 2406; x_wconf 79' lang='lat' dir='ltr'><strong>labent</strong></span> <span class='ocrx_word' id='word_1_106' title='bbox 1016 2346 1084 2405; x_wconf 87' lang='lat' dir='ltr'><strong>iam</strong></span> <span class='ocrx_word' id='word_1_107' title='bbox 1108 2343 1211 2406; x_wconf 81' lang='lat' dir='ltr'><strong>Roma</strong></span> <span class='ocrx_word' id='word_1_108' title='bbox 1229 2367 1287 2428; x_wconf 91' lang='lat' dir='ltr'><strong>pu-</strong></span> 
     </span>
     <span class='ocr_line' id='line_1_18' title="bbox 159 2442 1288 2527; baseline 0.004 -22"><span class='ocrx_word' id='word_1_109' title='bbox 159 2444 280 2522; x_wconf 80' lang='lat' dir='ltr'><strong>dorem,</strong></span> <span class='ocrx_word' id='word_1_110' title='bbox 310 2447 426 2507; x_wconf 85' lang='lat' dir='ltr'><strong>tertius</strong></span> <span class='ocrx_word' id='word_1_111' title='bbox 450 2465 465 2506; x_wconf 93' lang='lat' dir='ltr'><strong>e</strong></span> <span class='ocrx_word' id='word_1_112' title='bbox 489 2446 575 2507; x_wconf 89' lang='lat' dir='ltr'><strong>ooelo</strong></span> <span class='ocrx_word' id='word_1_113' title='bbox 605 2447 719 2508; x_wconf 84' lang='lat' dir='ltr'><strong>cecidit</strong></span> <span class='ocrx_word' id='word_1_114' title='bbox 745 2446 834 2516; x_wconf 86' lang='lat' dir='ltr'><strong>Coto.</strong></span> <span class='ocrx_word' id='word_1_115' title='bbox 881 2442 979 2525; x_wconf 77' lang='lat' dir='ltr'><strong>Quod</strong></span> <span class='ocrx_word' id='word_1_116' title='bbox 1002 2443 1065 2508; x_wconf 89' lang='lat' dir='ltr'><strong>hoc</strong></span> <span class='ocrx_word' id='word_1_117' title='bbox 1087 2467 1181 2527; x_wconf 88' lang='lat' dir='ltr'><strong>quem</strong></span> <span class='ocrx_word' id='word_1_118' title='bbox 1204 2453 1288 2509; x_wconf 84' lang='lat' dir='ltr'><strong>trao-</strong></span> 
     </span>
     <span class='ocr_line' id='line_1_19' title="bbox 159 2545 1287 2633; baseline 0.003 -25"><span class='ocrx_word' id='word_1_119' title='bbox 159 2554 263 2610; x_wconf 83' lang='lat' dir='ltr'><strong>tamus</strong></span> <span class='ocrx_word' id='word_1_120' title='bbox 287 2546 361 2611; x_wconf 83' lang='lat' dir='ltr'><strong>loco</strong></span> <span class='ocrx_word' id='word_1_121' title='bbox 385 2547 491 2633; x_wconf 87' lang='lat' dir='ltr'><strong>magis</strong></span> <span class='ocrx_word' id='word_1_122' title='bbox 514 2547 697 2630; x_wconf 84' lang='lat' dir='ltr'><strong>quaesitum</strong></span> <span class='ocrx_word' id='word_1_123' title='bbox 720 2545 823 2610; x_wconf 85' lang='lat' dir='ltr'><strong>videri</strong></span> <span class='ocrx_word' id='word_1_124' title='bbox 847 2546 893 2611; x_wconf 87' lang='lat' dir='ltr'><strong>nil</strong></span> <span class='ocrx_word' id='word_1_125' title='bbox 915 2569 1040 2624; x_wconf 89' lang='lat' dir='ltr'><strong>m0r0r;</strong></span> <span class='ocrx_word' id='word_1_126' title='bbox 1063 2569 1100 2610; x_wconf 86' lang='lat' dir='ltr'><strong>ea</strong></span> <span class='ocrx_word' id='word_1_127' title='bbox 1121 2547 1195 2632; x_wconf 86' lang='lat' dir='ltr'><strong>ipsa</strong></span> <span class='ocrx_word' id='word_1_128' title='bbox 1211 2571 1287 2612; x_wconf 82' lang='lat' dir='ltr'><strong>vero</strong></span> 
     </span>
    </p>
   </div>
   <div class='ocr_carea' id='block_1_6' title="bbox 36 2649 1387 2839">
    <p class='ocr_par' dir='ltr' id='par_1_7' title="bbox 36 2649 1387 2839">
     <span class='ocr_line' id='line_1_20' title="bbox 36 2649 1287 2744; baseline 0.002 -32"><span class='ocrx_word' id='word_1_129' title='bbox 36 2695 42 2705; x_wconf 85' lang='lat'><em>.</em></span> <span class='ocrx_word' id='word_1_130' title='bbox 160 2670 259 2713; x_wconf 77' lang='lat' dir='ltr'><strong>carisa</strong></span> <span class='ocrx_word' id='word_1_131' title='bbox 283 2649 344 2712; x_wconf 85' lang='lat' dir='ltr'><strong>fuit</strong></span> <span class='ocrx_word' id='word_1_132' title='bbox 367 2672 424 2713; x_wconf 84' lang='lat' dir='ltr'><strong>cur·</strong></span> <span class='ocrx_word' id='word_1_133' title='bbox 449 2653 582 2713; x_wconf 86' lang='lat' dir='ltr'><strong>tetricus</strong></span> <span class='ocrx_word' id='word_1_134' title='bbox 605 2672 643 2712; x_wconf 87' lang='lat' dir='ltr'><strong>ex</strong></span> <span class='ocrx_word' id='word_1_135' title='bbox 668 2673 766 2714; x_wconf 84' lang='lat' dir='ltr'><strong>earm.</strong></span> <span class='ocrx_word' id='word_1_136' title='bbox 795 2653 842 2732; x_wconf 86' lang='grc'><strong>12,</strong></span> <span class='ocrx_word' id='word_1_137' title='bbox 865 2655 884 2715; x_wconf 85' lang='grc'>5</span> <span class='ocrx_word' id='word_1_138' title='bbox 907 2650 999 2733; x_wconf 86' lang='grc'>(616)</span> <span class='ocrx_word' id='word_1_139' title='bbox 1023 2653 1220 2744; x_wconf 41' lang='lat' dir='ltr'><strong>&#39;laudantem</strong></span> <span class='ocrx_word' id='word_1_140' title='bbox 1243 2663 1287 2716; x_wconf 89' lang='lat' dir='ltr'><strong>tc·</strong></span> 
     </span>
     <span class='ocr_line' id='line_1_21' title="bbox 159 2752 1387 2839; baseline 0.003 -25"><span class='ocrx_word' id='word_1_141' title='bbox 159 2755 243 2816; x_wconf 89' lang='lat' dir='ltr'><strong>trico</strong></span> <span class='ocrx_word' id='word_1_142' title='bbox 269 2753 401 2817; x_wconf 79' lang='lat' dir='ltr'><strong>subincle</strong></span> <span class='ocrx_word' id='word_1_143' title='bbox 432 2756 522 2817; x_wconf 84' lang='lat' dir='ltr'><strong>uultu</strong></span> <span class='ocrx_word' id='word_1_144' title='bbox 552 2754 694 2818; x_wconf 83' lang='lat' dir='ltr'><strong>fortasse</strong></span> <span class='ocrx_word' id='word_1_145' title='bbox 717 2762 881 2839; x_wconf 82' lang='lat' dir='ltr'><strong>arreptum</strong></span> <span class='ocrx_word' id='word_1_146' title='bbox 904 2752 1047 2818; x_wconf 78' lang='lat' dir='ltr'><strong>librariis</strong></span> <span class='ocrx_word' id='word_1_147' title='bbox 1070 2754 1175 2839; x_wconf 84' lang='lat' dir='ltr'><strong>magis</strong></span> <span class='ocrx_word' id='word_1_148' title='bbox 1198 2753 1287 2817; x_wconf 88' lang='lat' dir='ltr'><strong>vide·</strong></span> <span class='ocrx_word' id='word_1_149' title='bbox 1385 2789 1387 2794; x_wconf 96' lang='lat'>·</span> 
     </span>
    </p>
   </div>
   <div class='ocr_carea' id='block_1_7' title="bbox 158 2851 1287 3045">
    <p class='ocr_par' dir='ltr' id='par_1_8' title="bbox 158 2851 1287 3045">
     <span class='ocr_line' id='line_1_22' title="bbox 159 2851 1287 2941; baseline 0.004 -24"><span class='ocrx_word' id='word_1_150' title='bbox 159 2863 247 2918; x_wconf 86' lang='lat' dir='ltr'><strong>retur</strong></span> <span class='ocrx_word' id='word_1_151' title='bbox 283 2856 462 2941; x_wconf 81' lang='lat' dir='ltr'><strong>probabile.</strong></span> <span class='ocrx_word' id='word_1_152' title='bbox 508 2851 719 2920; x_wconf 77' lang='lat' dir='ltr'><strong>Contrarium</strong></span> <span class='ocrx_word' id='word_1_153' title='bbox 747 2855 898 2920; x_wconf 84' lang='lat' dir='ltr'><strong>mendum</strong></span> <span class='ocrx_word' id='word_1_154' title='bbox 927 2855 1134 2921; x_wconf 84' lang='lat' dir='ltr'><strong>verisimilius</strong></span> <span class='ocrx_word' id='word_1_155' title='bbox 1158 2857 1287 2940; x_wconf 83' lang='lat' dir='ltr'><strong>quidem</strong></span> 
     </span>
     <span class='ocr_line' id='line_1_23' title="bbox 158 2959 1286 3045; baseline 0.001 -23"><span class='ocrx_word' id='word_1_156' title='bbox 158 2959 381 3024; x_wconf 84' lang='lat' dir='ltr'><strong>existimamus</strong></span> <span class='ocrx_word' id='word_1_157' title='bbox 406 2984 425 3023; x_wconf 86' lang='lat' dir='ltr'>a</span> <span class='ocrx_word' id='word_1_158' title='bbox 446 2960 590 3024; x_wconf 87' lang='lat' dir='ltr'><strong>librariis</strong></span> <span class='ocrx_word' id='word_1_159' title='bbox 615 2960 741 3023; x_wconf 84' lang='lat' dir='ltr'><strong>admitti</strong></span> <span class='ocrx_word' id='word_1_160' title='bbox 766 2960 898 3024; x_wconf 85' lang='lat' dir='ltr'><strong>solitum</strong></span> <span class='ocrx_word' id='word_1_161' title='bbox 927 2982 1009 3039; x_wconf 85' lang='lat' dir='ltr'><strong>esse,</strong></span> <span class='ocrx_word' id='word_1_162' title='bbox 1034 2968 1069 3022; x_wconf 88' lang='lat' dir='ltr'><strong>ut</strong></span> <span class='ocrx_word' id='word_1_163' title='bbox 1091 2959 1163 3045; x_wconf 85' lang='lat' dir='ltr'><strong>ipse</strong></span> <span class='ocrx_word' id='word_1_164' title='bbox 1182 2961 1286 3035; x_wconf 84' lang='lat' dir='ltr'><strong>(Mus.</strong></span> 
     </span>
    </p>
   </div>
   <div class='ocr_carea' id='block_1_8' title="bbox 156 3056 1288 3252">
    <p class='ocr_par' dir='ltr' id='par_1_9' title="bbox 156 3056 1288 3252">
     <span class='ocr_line' id='line_1_24' title="bbox 156 3056 1288 3148; baseline 0.004 -23"><span class='ocrx_word' id='word_1_165' title='bbox 156 3060 262 3125; x_wconf 88' lang='lat' dir='ltr'><strong>Rhen.</strong></span> <span class='ocrx_word' id='word_1_166' title='bbox 295 3085 322 3124; x_wconf 88' lang='lat' dir='ltr'><strong>a.</strong></span> <span class='ocrx_word' id='word_1_167' title='bbox 349 3064 441 3144; x_wconf 82' lang='lat'>1878,</span> <span class='ocrx_word' id='word_1_168' title='bbox 468 3086 543 3148; x_wconf 83' lang='lat' dir='ltr'><strong>pag.</strong></span> <span class='ocrx_word' id='word_1_169' title='bbox 568 3065 644 3146; x_wconf 77' lang='lat'>481)</span> <span class='ocrx_word' id='word_1_170' title='bbox 681 3056 854 3127; x_wconf 79' lang='lat' dir='ltr'><strong>Claudium</strong></span> <span class='ocrx_word' id='word_1_171' title='bbox 878 3063 976 3147; x_wconf 84' lang='lat' dir='ltr'><strong>Rapt.</strong></span> <span class='ocrx_word' id='word_1_172' title='bbox 1005 3063 1159 3148; x_wconf 86' lang='lat' dir='ltr'><strong>Proserp.</strong></span> <span class='ocrx_word' id='word_1_173' title='bbox 1185 3063 1202 3127; x_wconf 89' lang='lat' dir='ltr'>I</span> <span class='ocrx_word' id='word_1_174' title='bbox 1227 3066 1288 3130; x_wconf 82' lang='lat'><strong>100</strong></span> 
     </span>
     <span class='ocr_line' id='line_1_25' title="bbox 159 3165 1110 3252; baseline -0.002 -24"><span class='ocrx_word' id='word_1_175' title='bbox 159 3168 259 3228; x_wconf 84' lang='lat' dir='ltr'><strong>tetri</strong></span> <span class='ocrx_word' id='word_1_176' title='bbox 267 3187 308 3228; x_wconf 84' lang='lat' dir='ltr'><strong>oa</strong></span> <span class='ocrx_word' id='word_1_177' title='bbox 331 3187 497 3252; x_wconf 74' lang='lat' dir='ltr'><strong>supremae</strong></span> <span class='ocrx_word' id='word_1_178' title='bbox 516 3169 631 3250; x_wconf 87' lang='lat' dir='ltr'><strong>patior</strong></span> <span class='ocrx_word' id='word_1_179' title='bbox 654 3166 828 3251; x_wconf 78' lang='lat' dir='ltr'><strong>dispendia</strong></span> <span class='ocrx_word' id='word_1_180' title='bbox 850 3169 950 3230; x_wconf 80' lang='lat' dir='ltr'><strong>sortis</strong></span> <span class='ocrx_word' id='word_1_181' title='bbox 974 3165 1110 3230; x_wconf 85' lang='lat' dir='ltr'><strong>conieci.</strong></span> 
     </span>
    </p>
   </div>
   <div class='ocr_carea' id='block_1_9' title="bbox 261 3476 894 3569">
    <p class='ocr_par' dir='ltr' id='par_1_10' title="bbox 261 3476 894 3569">
     <span class='ocr_line' id='line_1_26' title="bbox 261 3476 894 3569; baseline -0.003 -22"><span class='ocrx_word' id='word_1_182' title='bbox 261 3476 371 3547; x_wconf 81' lang='lat' dir='ltr'><strong>Oarm.</strong></span> <span class='ocrx_word' id='word_1_183' title='bbox 398 3484 436 3546; x_wconf 84' lang='lat'><strong>14</strong></span> <span class='ocrx_word' id='word_1_184' title='bbox 459 3483 556 3569; x_wconf 87' lang='lat' dir='ltr'><strong>epist.</strong></span> <span class='ocrx_word' id='word_1_185' title='bbox 579 3482 621 3546; x_wconf 86' lang='lat' dir='ltr'><strong>ad</strong></span> <span class='ocrx_word' id='word_1_186' title='bbox 643 3482 769 3547; x_wconf 88' lang='lat' dir='ltr'><strong>Polem.</strong></span> <span class='ocrx_word' id='word_1_187' title='bbox 792 3484 894 3567; x_wconf 79' lang='lat'>(547).</span> 
     </span>
    </p>
   </div>
   <div class='ocr_carea' id='block_1_10' title="bbox 156 3636 1305 4032">
    <p class='ocr_par' dir='ltr' id='par_1_11' title="bbox 156 3636 1305 4032">
     <span class='ocr_line' id='line_1_27' title="bbox 263 3636 1305 3723; baseline 0.002 -22"><span class='ocrx_word' id='word_1_188' title='bbox 263 3638 408 3718; x_wconf 83' lang='lat' dir='ltr'><strong>Quarum</strong></span> <span class='ocrx_word' id='word_1_189' title='bbox 443 3636 653 3722; x_wconf 82' lang='lat' dir='ltr'><strong>(regularum)</strong></span> <span class='ocrx_word' id='word_1_190' title='bbox 689 3638 766 3700; x_wconf 83' lang='lat' dir='ltr'><strong>talis</strong></span> <span class='ocrx_word' id='word_1_191' title='bbox 800 3637 880 3700; x_wconf 82' lang='lat' dir='ltr'><strong>ordo</strong></span> <span class='ocrx_word' id='word_1_192' title='bbox 909 3648 954 3700; x_wconf 86' lang='lat' dir='ltr'><strong>est</strong></span> <span class='ocrx_word' id='word_1_193' title='bbox 980 3650 1016 3700; x_wconf 86' lang='lat' dir='ltr'><strong>ut</strong></span> <span class='ocrx_word' id='word_1_194' title='bbox 1043 3640 1111 3701; x_wconf 84' lang='lat' dir='ltr'><strong>sinc</strong></span> <span class='ocrx_word' id='word_1_195' title='bbox 1130 3640 1305 3723; x_wconf 83' lang='lat' dir='ltr'><strong>plurimis·</strong></span> 
     </span>
     <span class='ocr_line' id='line_1_28' title="bbox 158 3741 1286 3826; baseline 0 -22"><span class='ocrx_word' id='word_1_196' title='bbox 158 3746 250 3805; x_wconf 85' lang='lat' dir='ltr'><strong>nocis</strong></span> <span class='ocrx_word' id='word_1_197' title='bbox 286 3741 405 3820; x_wconf 81' lang='lat' dir='ltr'><strong>uerbis,</strong></span> <span class='ocrx_word' id='word_1_198' title='bbox 439 3762 517 3826; x_wconf 80' lang='lat' dir='ltr'><strong>quoe</strong></span> <span class='ocrx_word' id='word_1_199' title='bbox 542 3741 698 3826; x_wconf 81' lang='lat' dir='ltr'><strong>praefata</strong></span> <span class='ocrx_word' id='word_1_200' title='bbox 720 3761 802 3824; x_wconf 85' lang='lat' dir='ltr'><strong>poce</strong></span> <span class='ocrx_word' id='word_1_201' title='bbox 826 3743 1064 3823; x_wconf 83' lang='lat' dir='ltr'><strong>reliquorum</strong></span> <span class='ocrx_word' id='word_1_202' title='bbox 1087 3742 1286 3825; x_wconf 74' lang='lat' dir='ltr'><strong>eloquentum</strong></span> 
     </span>
     <span class='ocr_line' id='line_1_29' title="bbox 157 3842 1287 3931; baseline 0 -23"><span class='ocrx_word' id='word_1_203' title='bbox 157 3843 343 3928; x_wconf 83' lang='lat' dir='ltr'><strong>specialiter</strong></span> <span class='ocrx_word' id='word_1_204' title='bbox 372 3842 434 3906; x_wconf 83' lang='lat' dir='ltr'><strong>tibi</strong></span> <span class='ocrx_word' id='word_1_205' title='bbox 462 3855 492 3907; x_wconf 88' lang='lat' dir='ltr'><strong>ot</strong></span> <span class='ocrx_word' id='word_1_206' title='bbox 515 3845 758 3928; x_wconf 80' lang='lat' dir='ltr'><strong>complatonicis</strong></span> <span class='ocrx_word' id='word_1_207' title='bbox 781 3846 844 3908; x_wconf 89' lang='lat' dir='ltr'><strong>tuis</strong></span> <span class='ocrx_word' id='word_1_208' title='bbox 867 3854 944 3906; x_wconf 87' lang='lat' dir='ltr'><strong>noto</strong></span> <span class='ocrx_word' id='word_1_209' title='bbox 967 3856 1049 3924; x_wconf 75' lang='lat' dir='ltr'><strong>ssent,</strong></span> <span class='ocrx_word' id='word_1_210' title='bbox 1072 3866 1176 3929; x_wconf 82' lang='lat' dir='ltr'><strong>nupce</strong></span> <span class='ocrx_word' id='word_1_211' title='bbox 1197 3849 1287 3931; x_wconf 80' lang='lat' dir='ltr'><strong>ipsae</strong></span> 
     </span>
     <span class='ocr_line' id='line_1_30' title="bbox 156 3946 585 4032; baseline -0.005 -23"><span class='ocrx_word' id='word_1_212' title='bbox 156 3971 220 4010; x_wconf 89' lang='lat' dir='ltr'><strong>nou</strong></span> <span class='ocrx_word' id='word_1_213' title='bbox 242 3948 407 4012; x_wconf 85' lang='lat' dir='ltr'><strong>valuerint</strong></span> <span class='ocrx_word' id='word_1_214' title='bbox 430 3946 585 4032; x_wconf 68' lang='lat' dir='ltr'><strong>expediri.</strong></span> 
     </span>
    </p>
   </div>
   <div class='ocr_carea' id='block_1_11' title="bbox 156 4080 1285 4271">
    <p class='ocr_par' dir='ltr' id='par_1_12' title="bbox 156 4080 1285 4271">
     <span class='ocr_line' id='line_1_31' title="bbox 261 4080 1285 4170; baseline -0.002 -21"><span class='ocrx_word' id='word_1_215' title='bbox 261 4083 325 4149; x_wconf 66' lang='lat' dir='ltr'><strong>lli.</strong></span> <span class='ocrx_word' id='word_1_216' title='bbox 359 4083 570 4167; x_wconf 79' lang='lat' dir='ltr'><strong>Reliquorum</strong></span> <span class='ocrx_word' id='word_1_217' title='bbox 592 4104 629 4145; x_wconf 80' lang='lat' dir='ltr'><strong>ex</strong></span> <span class='ocrx_word' id='word_1_218' title='bbox 655 4083 687 4145; x_wconf 94' lang='lat' dir='ltr'><strong>A</strong></span> <span class='ocrx_word' id='word_1_219' title='bbox 710 4080 917 4146; x_wconf 82' lang='lat' dir='ltr'><strong>scribendum</strong></span> <span class='ocrx_word' id='word_1_220' title='bbox 940 4083 1077 4165; x_wconf 84' lang='lat' dir='ltr'><strong>videtur,</strong></span> <span class='ocrx_word' id='word_1_221' title='bbox 1101 4107 1165 4146; x_wconf 88' lang='lat' dir='ltr'><strong>non</strong></span> <span class='ocrx_word' id='word_1_222' title='bbox 1176 4087 1285 4170; x_wconf 84' lang='lat' dir='ltr'><strong>pluri·</strong></span> 
     </span>
     <span class='ocr_line' id='line_1_32' title="bbox 156 4182 1066 4271; baseline -0.001 -22"><span class='ocrx_word' id='word_1_223' title='bbox 156 4210 293 4268; x_wconf 85' lang='lat' dir='ltr'><strong>morum,</strong></span> <span class='ocrx_word' id='word_1_224' title='bbox 314 4185 402 4271; x_wconf 87' lang='lat' dir='ltr'><strong>quod</strong></span> <span class='ocrx_word' id='word_1_225' title='bbox 425 4185 637 4251; x_wconf 87' lang='lat' dir='ltr'><strong>Wouwerius</strong></span> <span class='ocrx_word' id='word_1_226' title='bbox 661 4182 856 4249; x_wconf 85' lang='lat' dir='ltr'><strong>Sirmondus</strong></span> <span class='ocrx_word' id='word_1_227' title='bbox 879 4187 935 4249; x_wconf 84' lang='lat' dir='ltr'><strong>alii</strong></span> <span class='ocrx_word' id='word_1_228' title='bbox 956 4186 1066 4250; x_wconf 86' lang='lat' dir='ltr'><strong>edunt.</strong></span> 
     </span>
    </p>
   </div>
   <div class='ocr_carea' id='block_1_12' title="bbox 1146 4325 1183 4379">
    <p class='ocr_par' dir='ltr' id='par_1_13' title="bbox 1146 4325 1183 4379">
     <span class='ocr_line' id='line_1_33' title="bbox 1146 4325 1183 4379; baseline 0 -24"><span class='ocrx_word' id='word_1_229' title='bbox 1146 4325 1183 4379; x_wconf 63' lang='lat'><strong>82</strong></span> 
     </span>
    </p>
   </div>
   <div class='ocr_carea' id='block_1_13' title="bbox 0 0 1598 4900">
    <p class='ocr_par' dir='ltr' id='par_1_14' title="bbox 0 0 1598 4900">
     <span class='ocr_line' id='line_1_34' title="bbox 0 0 1598 4900; baseline 0 0"><span class='ocrx_word' id='word_1_230' title='bbox 0 0 1598 4900; x_wconf 95' lang='lat' dir='ltr'><strong> </strong></span> 
     </span>
    </p>
   </div>
  </div>
 </body>
</html>
