3172 4908
1224 247 1261 308 21

263 427 356 515 Ep.1
370 432 387 491 l
401 431 505 515 (191).
530 429 714 518 Deferimus
733 431 840 514 igitur
857 430 945 494 nibil
958 433 1022 495 tale
1034 434 1188 496 metuenti
1206 444 1306 496 totam

175 533 474 616 perimachiam,
498 555 593 618 quom
617 554 735 597 summo
761 534 902 616 artificio
922 555 1011 598 acres
1030 545 1059 598 et
1074 536 1223 618 flammei
1239 539 1308 600 uiri

178 639 358 701 occulere
380 640 416 700 in
440 649 560 722 ternpus
583 638 702 700 iudicii
723 637 977 718 meditabantur,
996 639 1117 701 scilicet
1141 651 1176 702 ut
1193 639 1306 703 aduer-

177 745 302 804 sarium
324 744 490 804 incautum
513 753 543 804 et
567 743 712 805 consiliis
735 741 895 805 sodalium
917 741 1100 828 repudiatis
1128 745 1206 807 soli
1228 745 1261 807 si
1268 743 1307 808 bi

178 858 294 907 temere
309 845 464 926 sidentem
482 846 685 931 professione
709 847 857 927 responsi
873 847 1070 930 praecipitis
1095 849 1304 910 involverent.

177 948 325 1012 Dicimus
360 970 435 1034 erpo
471 949 548 1034 quid
581 948 684 1026 nobis,
709 948 786 1034 quid
816 951 929 1012 amicis
952 949 1179 1014 secretioribus
1203 961 1306 1014 tutum

174 1062 359 1137 putaretur.
406 1049 582 1115 suademus
616 1053 665 1114 ull
698 1053 811 1135 quasi
845 1055 909 1115 lere
935 1053 1118 1138 fotendum.
1165 1051 1205 1117 Se·
1227 1055 1306 1138 quid

179 1154 216 1217 ab
240 1155 385 1216 inimicis
409 1155 507 1216 etiam
524 1175 589 1237 pro
616 1157 774 1218 leuissimo
791 1156 1019 1240 placitaretur,
1043 1160 1168 1241 ipsam
1189 1159 1305 1220 illam

178 1258 469 1320 dissimulationem
494 1258 779 1322 tribulosissimam
794 1258 883 1342 fore,
912 1280 981 1344 quo
1008 1260 1187 1345 facilius
1215 1281 1305 1346 per-

177 1363 380 1424 suasionis
404 1364 666 1424 securitatem
687 1361 900 1448 inferrent.

279 1465 323 1527 58.
371 1462 623 1542 Perimacbiam
646 1465 701 1548 qui
726 1465 922 1529 vetustiores
941 1465 1044 1531 libros
1062 1466 1252 1551 inspexerit,
1270 1465 1304 1528 in

176 1568 209 1632 A
231 1566 372 1653 reperiet
394 1567 556 1653 integrum
579 1568 749 1649 mansisse,
767 1569 800 1632 iu
817 1569 936 1634 RetV
954 1569 1063 1654 priore
1087 1572 1101 1632 i
1123 1569 1257 1648 emisse,
1270 1569 1304 1633 in

162 1671 210 1735 -H
223 1671 296 1734 etF
319 1681 435 1754 postea
447 1669 559 1733 addito
579 1671 738 1756 scriptum
757 1694 839 1735 esse.
873 1671 913 1735 Id
931 1672 1065 1737 verbum
1077 1672 1215 1738 hocuno
1229 1673 1303 1737 leco

176 1773 300 1838 dictum
334 1795 436 1858 neque
475 1798 494 1836 a
527 1772 671 1838 librariis
705 1773 905 1838 intellectum
944 1774 977 1838 in
1011 1775 1117 1840 HZb
1154 1775 1303 1840 codicum

176 1876 377 1962 marginibus
402 1875 578 1962 adscriptis
602 1876 652 1940 his
675 1877 799 1942 verbis:
824 1881 1075 1963 compugnantia
1099 1881 1148 1943 cel
1177 1891 1304 1942 contro-

176 1983 283 2043 uersia
317 1979 514 2063 explicatur:
542 1979 576 2042 in
600 1978 626 2042 Z
649 1988 756 2044 tamen
780 2003 858 2066 pars
885 1982 1043 2068 marginis
1073 1982 1220 2047 abscissa
1243 1989 1302 2046 est.

177 2079 244 2146 Sed
272 2105 312 2145 ne
335 2081 477 2146 editores
504 2083 634 2166 quidem
657 2083 792 2148 eandem
817 2107 928 2149 omues
952 2085 1028 2150 huic
1046 2085 1119 2150 voci
1136 2086 1305 2151 subiciunt

176 2185 460 2271 significationem.
495 2182 631 2271 Optima
654 2188 798 2251 omnium
822 2188 901 2252 mihi
919 2189 1048 2254 videtur
1066 2187 1233 2255 Sirmondi
1255 2190 1304 2254 in-

175 2288 383 2374 terpretatio:
418 2296 508 2352 totus
537 2299 709 2376 susceptae
738 2292 959 2378 accusatiopis
989 2293 1069 2358 ordo
1099 2300 1132 2357 et
1165 2315 1302 2380 appara·

176 2401 240 2473 tus,
264 2415 458 2476 quamquam
480 2415 546 2456 non
570 2393 703 2458 verbum
725 2394 827 2458 verbo
851 2395 1008 2459 redditur.

278 2497 323 2560 59.
361 2497 412 2560 Ex
437 2500 578 2562 occulere
602 2498 630 2562 is
654 2499 709 2581 qui
733 2498 764 2561 V
784 2499 929 2564 codicem
947 2501 1082 2586 scripsit
1099 2501 1302 2566 correctione

175 2622 241 2662 non
265 2600 450 2664 necessaria
473 2599 581 2664 effecit
604 2605 713 2665 occul
721 2613 770 2678 te3
794 2605 976 2667 meditandi
991 2603 1090 2668 verbo
1106 2603 1302 2668 infinitivum

175 2727 241 2766 uon
265 2702 363 2766 semel
387 2702 536 2789 adiungit
560 2698 731 2781 Sidonius3
755 2706 805 2768 cfr
827 2729 878 2792 ep.
904 2707 960 2771 ΙΙΙ
987 2709 1005 2770 3
1035 2707 1130 2791 (261)
1161 2709 1301 2771 occulere

174 2815 208 2870 ct
232 2806 282 2870 IV
307 2810 324 2868 5
349 2807 443 2891 (277)
467 2809 572 2870 silere.

277 2910 322 2974 dd.
369 2907 441 2972 Soli
474 2910 539 2973 sibi
572 2911 691 2996 scripsi
726 2935 764 2975 ex
799 2911 1163 2993 ARVFL‚i11vers0
1188 2912 1301 2977 ordine

175 3012 256 3076 haec
278 3012 377 3077 verba
399 3021 526 3098 ponunt
547 3013 654 3078 HZb
677 3023 710 3078 et
731 3014 884 3078 editores

277 3115 321 3180 ti.
367 3113 469 3195 Quasi
491 3115 525 3179 in
547 3115 582 3180 H
605 3123 637 3180 et
659 3117 679 3181 b
703 3117 825 3180 emisso
848 3115 1031 3182 Wouwerii
1065 3158 1101 3168 -
1127 3118 1182 3184 hic
1204 3119 1238 3184 id
1267 3121 1301 3183 in

174 3219 385 3282 adnotatione
418 3225 525 3284 tamen
560 3219 667 3283 adfert
701 3259 737 3269 -
774 3228 806 3283 et
839 3217 1018 3286 Saracenis
1052 3221 1301 3288 Elmcuhorstii·

174 3343 236 3406 que
260 3321 420 3386 editiones
444 3330 564 3386 carent.
610 3323 699 3408 Apte
722 3322 784 3388 hoc
808 3323 849 3388 ad
872 3325 978 3409 ipsius
1002 3324 1151 3390 Arvandi
1170 3335 1299 3390 senten-

174 3425 252 3488 tiam
276 3426 424 3506 refertur,
446 3425 534 3509 quod
557 3426 703 3510 sequitur
721 3447 784 3510 pro
809 3429 968 3491 leuissima
993 3427 1033 3491 ad
1057 3424 1271 3494 adversarios.

277 3528 322 3593 db.
366 3527 464 3592 Illam
486 3531 593 3614 ipsam
614 3526 827 3593 Wouwerius
856 3530 945 3594 solus
975 3531 1100 3613 scribit,
1129 3533 1227 3596 ceteri
1250 3535 1299 3619 ip·

173 3654 243 3695 sam
265 3633 369 3695 illum.

276 3735 322 3798 bb.
368 3734 598 3800 Persuasionis
616 3739 822 3800 securitatem
839 3737 970 3800 inverso
994 3737 1106 3802 ordine
1123 3761 1187 3802 non
1205 3739 1298 3821 male,

173 3837 320 3923 qiramvis
355 3839 613 3924 repugnantibus
642 3839 823 3920 codicibus²
851 3840 996 3924 positum
1023 3848 1074 3904 est
1101 3841 1134 3903 in
1158 3838 1299 3906 Sauara-

173 3941 226 4004 uis
249 3940 549 4027 Elmenborstiique
572 3941 781 4006 editionibus.
828 3941 947 4006 Totum
971 3943 1043 4024 hoc,
1066 3943 1152 4027 quod
1181 3944 1299 4011 diffici-

173 4044 237 4108 lius
261 4049 323 4124 est,
346 4043 457 4128 gallici
480 4045 676 4132 interpretes
706 4045 862 4132 scopulos
892 4047 1109 4132 praetervecti
1133 4048 1188 4111 vix
1210 4057 1298 4113 recte

173 4152 320 4211 vertunt:
345 4153 429 4211 cette
452 4147 696 4212 dissimulation
718 4149 766 4213 les
790 4149 938 4233 jetterait
961 4149 1042 4214 dans
1065 4172 1109 4213 uu
1131 4150 1210 4215 rude
1233 4175 1299 4216 em-

173 4248 298 4330 barras‚
322 4255 356 4312 et
377 4248 424 4313 les
459 4249 681 4337 empbcherait
703 4251 857 4316 d¹etablir
884 4251 1072 4316 facilement
1093 4252 1180 4317 leurs
1202 4278 1298 4341 preu-
