<?xml version="1.0" encoding="UTF-8"?>
<!DOCTYPE html PUBLIC "-//W3C//DTD XHTML 1.0 Transitional//EN"
    "http://www.w3.org/TR/xhtml1/DTD/xhtml1-transitional.dtd">
<html xmlns="http://www.w3.org/1999/xhtml" xml:lang="en" lang="en">
 <head>
  <title>
</title>
<meta http-equiv="Content-Type" content="text/html;charset=utf-8" />
  <meta name='ocr-system' content='tesseract 3.04.00' />
  <meta name='ocr-capabilities' content='ocr_page ocr_carea ocr_par ocr_line ocrx_word'/>
</head>
<body>
  <div class='ocr_page' id='page_1' title='image "./deapollinarisid00gustgoog_0024.png"; bbox 0 0 3172 4908; ppageno 0'>
   <div class='ocr_carea' id='block_1_1' title="bbox 1212 267 1281 314">
    <p class='ocr_par' dir='ltr' id='par_1_1' title="bbox 1212 267 1281 314">
     <span class='ocr_line' id='line_1_1' title="bbox 1212 267 1281 314; baseline 0.014 -3"><span class='ocrx_word' id='word_1_1' title='bbox 1212 267 1281 314; x_wconf 84' lang='lat' dir='ltr'>xl1r</span> 
     </span>
    </p>
   </div>
   <div class='ocr_carea' id='block_1_2' title="bbox 178 416 1327 3518">
    <p class='ocr_par' dir='ltr' id='par_1_2' title="bbox 190 416 1327 1040">
     <span class='ocr_line' id='line_1_2' title="bbox 195 416 1327 522; baseline 0 -20"><span class='ocrx_word' id='word_1_2' title='bbox 195 435 301 502; x_wconf 91' lang='lat' dir='ltr'>cunda</span> <span class='ocrx_word' id='word_1_3' title='bbox 322 458 418 500; x_wconf 90' lang='lat' dir='ltr'>manu</span> <span class='ocrx_word' id='word_1_4' title='bbox 447 437 475 502; x_wconf 92' lang='lat' dir='ltr'><em>V</em></span> <span class='ocrx_word' id='word_1_5' title='bbox 497 416 754 522; x_wconf 81' lang='lat' dir='ltr'>superscriptum</span> <span class='ocrx_word' id='word_1_6' title='bbox 777 443 827 500; x_wconf 86' lang='lat' dir='ltr'>ast</span> <span class='ocrx_word' id='word_1_7' title='bbox 850 437 910 519; x_wconf 76' lang='lat' dir='ltr'>iri,</span> <span class='ocrx_word' id='word_1_8' title='bbox 937 432 1087 502; x_wconf 85' lang='lat' dir='ltr'>Gentem</span> <span class='ocrx_word' id='word_1_9' title='bbox 1107 439 1189 516; x_wconf 80' lang='lat' dir='ltr'>lort3</span> <span class='ocrx_word' id='word_1_10' title='bbox 1207 459 1246 502; x_wconf 87' lang='lat' dir='ltr'>ex</span> <span class='ocrx_word' id='word_1_11' title='bbox 1270 434 1327 502; x_wconf 79' lang='lat' dir='ltr'>VO</span> 
     </span>
     <span class='ocr_line' id='line_1_3' title="bbox 193 538 1324 624; baseline 0.004 -22"><span class='ocrx_word' id='word_1_12' title='bbox 193 539 318 604; x_wconf 86' lang='lat' dir='ltr'>factum</span> <span class='ocrx_word' id='word_1_13' title='bbox 339 538 469 605; x_wconf 88' lang='lat' dir='ltr'>videtur</span> <span class='ocrx_word' id='word_1_14' title='bbox 497 540 553 620; x_wconf 85' lang='lat' dir='ltr'>Vl,</span> <span class='ocrx_word' id='word_1_15' title='bbox 576 562 615 604; x_wconf 83' lang='lat' dir='ltr'>ex</span> <span class='ocrx_word' id='word_1_16' title='bbox 639 563 677 603; x_wconf 89' lang='lat' dir='ltr'>eo</span> <span class='ocrx_word' id='word_1_17' title='bbox 702 551 816 604; x_wconf 77' lang='lat' dir='ltr'>sectos.</span> <span class='ocrx_word' id='word_1_18' title='bbox 850 539 927 606; x_wconf 90' lang='lat' dir='ltr'>Hoc</span> <span class='ocrx_word' id='word_1_19' title='bbox 953 539 1093 624; x_wconf 88' lang='lat' dir='ltr'>denique</span> <span class='ocrx_word' id='word_1_20' title='bbox 1116 540 1202 606; x_wconf 89' lang='lat' dir='ltr'>addo</span> <span class='ocrx_word' id='word_1_21' title='bbox 1226 541 1324 606; x_wconf 89' lang='lat' dir='ltr'>raris·</span> 
     </span>
     <span class='ocr_line' id='line_1_4' title="bbox 193 641 1323 730; baseline 0.002 -24"><span class='ocrx_word' id='word_1_22' title='bbox 193 643 275 707; x_wconf 87' lang='lat' dir='ltr'>sima</span> <span class='ocrx_word' id='word_1_23' title='bbox 296 664 370 708; x_wconf 85' lang='lat' dir='ltr'>esse</span> <span class='ocrx_word' id='word_1_24' title='bbox 394 643 427 706; x_wconf 93' lang='lat' dir='ltr'>in</span> <span class='ocrx_word' id='word_1_25' title='bbox 452 643 482 707; x_wconf 91' lang='lat' dir='ltr'><strong>A</strong></span> <span class='ocrx_word' id='word_1_26' title='bbox 506 650 595 707; x_wconf 89' lang='lat' dir='ltr'>certa</span> <span class='ocrx_word' id='word_1_27' title='bbox 610 641 898 729; x_wconf 82' lang='lat' dir='ltr'>interpolationem</span> <span class='ocrx_word' id='word_1_28' title='bbox 918 643 1061 730; x_wconf 85' lang='lat' dir='ltr'>vestigia</span> <span class='ocrx_word' id='word_1_29' title='bbox 1076 645 1224 730; x_wconf 83' lang='lat' dir='ltr'>exceptis</span> <span class='ocrx_word' id='word_1_30' title='bbox 1241 667 1323 729; x_wconf 88' lang='lat' dir='ltr'>qnae</span> 
     </span>
     <span class='ocr_line' id='line_1_5' title="bbox 192 745 1321 832; baseline 0.002 -22"><span class='ocrx_word' id='word_1_31' title='bbox 192 748 226 810; x_wconf 91' lang='lat' dir='ltr'>in</span> <span class='ocrx_word' id='word_1_32' title='bbox 250 745 324 810; x_wconf 92' lang='lat' dir='ltr'>aliis</span> <span class='ocrx_word' id='word_1_33' title='bbox 358 767 487 831; x_wconf 91' lang='lat' dir='ltr'>quoque</span> <span class='ocrx_word' id='word_1_34' title='bbox 521 745 691 811; x_wconf 79' lang='lat' dir='ltr'>codicibus</span> <span class='ocrx_word' id='word_1_35' title='bbox 720 747 937 832; x_wconf 88' lang='lat' dir='ltr'>reperiuntur.</span> <span class='ocrx_word' id='word_1_36' title='bbox 983 747 1099 832; x_wconf 84' lang='lat' dir='ltr'>Neque</span> <span class='ocrx_word' id='word_1_37' title='bbox 1127 747 1171 830; x_wconf 92' lang='lat' dir='ltr'>id,</span> <span class='ocrx_word' id='word_1_38' title='bbox 1195 747 1321 832; x_wconf 83' lang='lat' dir='ltr'>dequo</span> 
     </span>
     <span class='ocr_line' id='line_1_6' title="bbox 191 847 1324 936; baseline 0.002 -24"><span class='ocrx_word' id='word_1_39' title='bbox 191 873 266 936; x_wconf 83' lang='lat' dir='ltr'>pag.</span> <span class='ocrx_word' id='word_1_40' title='bbox 295 851 353 914; x_wconf 90' lang='grc'>116</span> <span class='ocrx_word' id='word_1_41' title='bbox 378 849 463 934; x_wconf 78' lang='grc'><strong>(388)</strong></span> <span class='ocrx_word' id='word_1_42' title='bbox 486 847 680 915; x_wconf 88' lang='lat' dir='ltr'>nientionem</span> <span class='ocrx_word' id='word_1_43' title='bbox 704 849 778 931; x_wconf 84' lang='lat' dir='ltr'>feci,</span> <span class='ocrx_word' id='word_1_44' title='bbox 804 853 898 914; x_wconf 82' lang='lat' dir='ltr'>Maso</span> <span class='ocrx_word' id='word_1_45' title='bbox 920 851 1003 915; x_wconf 79' lang='lat' dir='ltr'>milti</span> <span class='ocrx_word' id='word_1_46' title='bbox 1024 858 1057 916; x_wconf 90' lang='lat' dir='ltr'>et</span> <span class='ocrx_word' id='word_1_47' title='bbox 1079 873 1109 936; x_wconf 92' lang='lat' dir='ltr'>q.</span> <span class='ocrx_word' id='word_1_48' title='bbox 1130 873 1156 916; x_wconf 90' lang='lat' dir='ltr'>s.</span> <span class='ocrx_word' id='word_1_49' title='bbox 1180 874 1324 916; x_wconf 90' lang='lat' dir='ltr'>corrum-</span> 
     </span>
     <span class='ocr_line' id='line_1_7' title="bbox 190 952 1320 1040; baseline 0.001 -24"><span class='ocrx_word' id='word_1_50' title='bbox 190 952 290 1039; x_wconf 88' lang='lat' dir='ltr'>pendi</span> <span class='ocrx_word' id='word_1_51' title='bbox 313 975 423 1033; x_wconf 88' lang='lat' dir='ltr'>causa,</span> <span class='ocrx_word' id='word_1_52' title='bbox 446 952 504 1018; x_wconf 90' lang='lat' dir='ltr'>sed</span> <span class='ocrx_word' id='word_1_53' title='bbox 527 953 663 1017; x_wconf 89' lang='lat' dir='ltr'>fortuito</span> <span class='ocrx_word' id='word_1_54' title='bbox 692 962 771 1040; x_wconf 92' lang='lat' dir='ltr'>post</span> <span class='ocrx_word' id='word_1_55' title='bbox 803 952 932 1018; x_wconf 83' lang='lat' dir='ltr'>addidit</span> <span class='ocrx_word' id='word_1_56' title='bbox 952 954 985 1020; x_wconf 92' lang='lat' dir='ltr'><strong>A</strong></span> <span class='ocrx_word' id='word_1_57' title='bbox 1010 953 1135 1019; x_wconf 91' lang='lat' dir='ltr'>codicis</span> <span class='ocrx_word' id='word_1_58' title='bbox 1170 955 1320 1040; x_wconf 83' lang='lat' dir='ltr'>scriptor.</span> 
     </span>
    </p>

    <p class='ocr_par' dir='ltr' id='par_1_3' title="bbox 178 1055 1322 2878">
     <span class='ocr_line' id='line_1_8' title="bbox 292 1055 1322 1143; baseline 0.001 -21"><span class='ocrx_word' id='word_1_59' title='bbox 292 1055 410 1122; x_wconf 80' lang='lat' dir='ltr'><strong>Restat</strong></span> <span class='ocrx_word' id='word_1_60' title='bbox 432 1064 468 1120; x_wconf 90' lang='lat' dir='ltr'>ut</span> <span class='ocrx_word' id='word_1_61' title='bbox 491 1056 531 1121; x_wconf 92' lang='lat' dir='ltr'>de</span> <span class='ocrx_word' id='word_1_62' title='bbox 555 1057 644 1122; x_wconf 88' lang='lat' dir='ltr'>vitiis</span> <span class='ocrx_word' id='word_1_63' title='bbox 669 1056 819 1122; x_wconf 87' lang='lat' dir='ltr'>codicum</span> <span class='ocrx_word' id='word_1_64' title='bbox 842 1057 920 1143; x_wconf 92' lang='lat' dir='ltr'>quid</span> <span class='ocrx_word' id='word_1_65' title='bbox 946 1059 1084 1122; x_wconf 88' lang='lat' dir='ltr'>sentiam</span> <span class='ocrx_word' id='word_1_66' title='bbox 1105 1057 1250 1122; x_wconf 87' lang='lat' dir='ltr'>breviter</span> <span class='ocrx_word' id='word_1_67' title='bbox 1272 1058 1322 1123; x_wconf 94' lang='lat' dir='ltr'>di-</span> 
     </span>
     <span class='ocr_line' id='line_1_9' title="bbox 190 1159 1321 1248; baseline 0.002 -24"><span class='ocrx_word' id='word_1_68' title='bbox 190 1183 270 1224; x_wconf 86' lang='lat' dir='ltr'>cam.</span> <span class='ocrx_word' id='word_1_69' title='bbox 315 1159 402 1224; x_wconf 87' lang='lat' dir='ltr'>Nam</span> <span class='ocrx_word' id='word_1_70' title='bbox 418 1161 451 1223; x_wconf 93' lang='lat' dir='ltr'>in</span> <span class='ocrx_word' id='word_1_71' title='bbox 466 1161 541 1246; x_wconf 87' lang='lat' dir='ltr'>ipsa</span> <span class='ocrx_word' id='word_1_72' title='bbox 568 1159 791 1246; x_wconf 89' lang='lat' dir='ltr'>disputatione</span> <span class='ocrx_word' id='word_1_73' title='bbox 814 1183 852 1225; x_wconf 84' lang='lat' dir='ltr'>aa</span> <span class='ocrx_word' id='word_1_74' title='bbox 875 1183 940 1226; x_wconf 94' lang='lat' dir='ltr'>non</span> <span class='ocrx_word' id='word_1_75' title='bbox 964 1161 1031 1226; x_wconf 88' lang='lat' dir='ltr'>fere</span> <span class='ocrx_word' id='word_1_76' title='bbox 1047 1162 1155 1248; x_wconf 83' lang='lat' dir='ltr'>attigi,</span> <span class='ocrx_word' id='word_1_77' title='bbox 1169 1161 1232 1224; x_wconf 92' lang='lat' dir='ltr'>nisi</span> <span class='ocrx_word' id='word_1_78' title='bbox 1248 1183 1321 1226; x_wconf 89' lang='lat' dir='ltr'>curn</span> 
     </span>
     <span class='ocr_line' id='line_1_10' title="bbox 189 1262 1320 1329; baseline 0.002 -3"><span class='ocrx_word' id='word_1_79' title='bbox 189 1262 381 1328; x_wconf 86' lang='lat' dir='ltr'>emendandi</span> <span class='ocrx_word' id='word_1_80' title='bbox 405 1263 544 1328; x_wconf 85' lang='lat' dir='ltr'>dabatur</span> <span class='ocrx_word' id='word_1_81' title='bbox 567 1263 710 1329; x_wconf 88' lang='lat' dir='ltr'>occasio.</span> <span class='ocrx_word' id='word_1_82' title='bbox 754 1263 863 1328; x_wconf 86' lang='lat' dir='ltr'><strong>Antea</strong></span> <span class='ocrx_word' id='word_1_83' title='bbox 887 1272 994 1329; x_wconf 88' lang='lat' dir='ltr'>tamen</span> <span class='ocrx_word' id='word_1_84' title='bbox 1017 1263 1064 1329; x_wconf 88' lang='lat' dir='ltr'>de</span> <span class='ocrx_word' id='word_1_85' title='bbox 1089 1263 1320 1328; x_wconf 90' lang='lat' dir='ltr'>nominibus</span> 
     </span>
     <span class='ocr_line' id='line_1_11' title="bbox 191 1362 1320 1452; baseline 0.003 -23"><span class='ocrx_word' id='word_1_86' title='bbox 191 1362 351 1430; x_wconf 87' lang='lat' dir='ltr'>Sidonii</span> <span class='ocrx_word' id='word_1_87' title='bbox 374 1375 661 1431; x_wconf 88' lang='lat' dir='ltr'>commemoratum</span> <span class='ocrx_word' id='word_1_88' title='bbox 695 1365 770 1430; x_wconf 88' lang='lat' dir='ltr'>volo</span> <span class='ocrx_word' id='word_1_89' title='bbox 794 1367 828 1429; x_wconf 93' lang='lat' dir='ltr'>in</span> <span class='ocrx_word' id='word_1_90' title='bbox 850 1366 883 1431; x_wconf 88' lang='lat' dir='ltr'>A</span> <span class='ocrx_word' id='word_1_91' title='bbox 906 1368 940 1430; x_wconf 94' lang='lat' dir='ltr'>in</span> <span class='ocrx_word' id='word_1_92' title='bbox 973 1367 1127 1432; x_wconf 85' lang='lat' dir='ltr'>extremis</span> <span class='ocrx_word' id='word_1_93' title='bbox 1162 1366 1320 1452; x_wconf 86' lang='lat' dir='ltr'>epistula·</span> 
     </span>
     <span class='ocr_line' id='line_1_12' title="bbox 189 1465 1321 1554; baseline 0.003 -22"><span class='ocrx_word' id='word_1_94' title='bbox 189 1492 259 1533; x_wconf 88' lang='lat' dir='ltr'>rum</span> <span class='ocrx_word' id='word_1_95' title='bbox 281 1469 376 1534; x_wconf 84' lang='lat' dir='ltr'>libris</span> <span class='ocrx_word' id='word_1_96' title='bbox 400 1471 449 1535; x_wconf 91' lang='lat' dir='ltr'>sic</span> <span class='ocrx_word' id='word_1_97' title='bbox 482 1470 599 1535; x_wconf 85' lang='lat' dir='ltr'>scribi:</span> <span class='ocrx_word' id='word_1_98' title='bbox 635 1465 701 1533; x_wconf 82' lang='lat' dir='ltr'>Gal</span> <span class='ocrx_word' id='word_1_99' title='bbox 723 1467 808 1535; x_wconf 78' lang='lat' dir='ltr'>delli</span> <span class='ocrx_word' id='word_1_100' title='bbox 830 1471 1042 1554; x_wconf 72' lang='lat' dir='ltr'>Apollinaris</span> <span class='ocrx_word' id='word_1_101' title='bbox 1071 1470 1244 1534; x_wconf 84' lang='lat' dir='ltr'>Modesti</span> <span class='ocrx_word' id='word_1_102' title='bbox 1267 1467 1321 1535; x_wconf 81' lang='lat' dir='ltr'>Si·</span> 
     </span>
     <span class='ocr_line' id='line_1_13' title="bbox 188 1573 1318 1659; baseline 0.002 -22"><span class='ocrx_word' id='word_1_103' title='bbox 188 1573 290 1655; x_wconf 82' lang='lat' dir='ltr'>donr&#39;e&#39;,</span> <span class='ocrx_word' id='word_1_104' title='bbox 324 1574 357 1637; x_wconf 94' lang='lat' dir='ltr'>in</span> <span class='ocrx_word' id='word_1_105' title='bbox 390 1574 505 1657; x_wconf 90' lang='lat' dir='ltr'>quinto</span> <span class='ocrx_word' id='word_1_106' title='bbox 539 1582 647 1638; x_wconf 89' lang='lat' dir='ltr'>tamen</span> <span class='ocrx_word' id='word_1_107' title='bbox 681 1581 714 1638; x_wconf 89' lang='lat' dir='ltr'>et</span> <span class='ocrx_word' id='word_1_108' title='bbox 737 1573 878 1659; x_wconf 89' lang='lat' dir='ltr'>septimo</span> <span class='ocrx_word' id='word_1_109' title='bbox 902 1573 996 1638; x_wconf 89' lang='lat' dir='ltr'>libris</span> <span class='ocrx_word' id='word_1_110' title='bbox 1019 1573 1172 1638; x_wconf 82' lang='lat' dir='ltr'>extremis</span> <span class='ocrx_word' id='word_1_111' title='bbox 1197 1573 1318 1639; x_wconf 84' lang='lat' dir='ltr'>omissa</span> 
     </span>
     <span class='ocr_line' id='line_1_14' title="bbox 188 1659 1317 1764; baseline 0 -23"><span class='ocrx_word' id='word_1_112' title='bbox 188 1659 260 1742; x_wconf 83' lang='lat' dir='ltr'>esse</span> <span class='ocrx_word' id='word_1_113' title='bbox 282 1677 415 1740; x_wconf 87' lang='lat' dir='ltr'>nomina</span> <span class='ocrx_word' id='word_1_114' title='bbox 438 1677 611 1762; x_wconf 87' lang='lat' dir='ltr'>scriptoris</span> <span class='ocrx_word' id='word_1_115' title='bbox 634 1684 764 1764; x_wconf 87' lang='lat' dir='ltr'>praeter</span> <span class='ocrx_word' id='word_1_116' title='bbox 788 1675 922 1741; x_wconf 78' lang='lat' dir='ltr'>Sidonii</span> <span class='ocrx_word' id='word_1_117' title='bbox 944 1699 1071 1758; x_wconf 85' lang='lat' dir='ltr'>nornen,</span> <span class='ocrx_word' id='word_1_118' title='bbox 1085 1677 1117 1740; x_wconf 92' lang='lat' dir='ltr'>in</span> <span class='ocrx_word' id='word_1_119' title='bbox 1142 1676 1216 1741; x_wconf 88' lang='lat' dir='ltr'>aliis</span> <span class='ocrx_word' id='word_1_120' title='bbox 1239 1700 1317 1742; x_wconf 89' lang='lat' dir='ltr'>vero</span> 
     </span>
     <span class='ocr_line' id='line_1_15' title="bbox 188 1780 1318 1865; baseline 0 -21"><span class='ocrx_word' id='word_1_121' title='bbox 188 1780 358 1845; x_wconf 89' lang='lat' dir='ltr'>codicibus</span> <span class='ocrx_word' id='word_1_122' title='bbox 382 1780 497 1845; x_wconf 88' lang='lat' dir='ltr'>deesse</span> <span class='ocrx_word' id='word_1_123' title='bbox 521 1782 662 1845; x_wconf 83' lang='lat' dir='ltr'>Modesti</span> <span class='ocrx_word' id='word_1_124' title='bbox 684 1803 811 1860; x_wconf 87' lang='lat' dir='ltr'>nomen,</span> <span class='ocrx_word' id='word_1_125' title='bbox 830 1787 909 1865; x_wconf 89' lang='lat' dir='ltr'>post</span> <span class='ocrx_word' id='word_1_126' title='bbox 930 1780 1075 1844; x_wconf 83' lang='lat' dir='ltr'>earmina</span> <span class='ocrx_word' id='word_1_127' title='bbox 1097 1802 1224 1864; x_wconf 89' lang='lat' dir='ltr'>quoque</span> <span class='ocrx_word' id='word_1_128' title='bbox 1243 1781 1262 1842; x_wconf 88' lang='lat'><strong>3</strong></span> <span class='ocrx_word' id='word_1_129' title='bbox 1285 1788 1318 1844; x_wconf 90' lang='lat' dir='ltr'>et</span> 
     </span>
     <span class='ocr_line' id='line_1_16' title="bbox 187 1880 1318 1970; baseline 0.002 -23"><span class='ocrx_word' id='word_1_130' title='bbox 187 1886 205 1947; x_wconf 80' lang='lat'>5</span> <span class='ocrx_word' id='word_1_131' title='bbox 229 1883 348 1948; x_wconf 90' lang='lat' dir='ltr'>hocin</span> <span class='ocrx_word' id='word_1_132' title='bbox 371 1883 404 1946; x_wconf 89' lang='lat' dir='ltr'><strong>A</strong></span> <span class='ocrx_word' id='word_1_133' title='bbox 426 1906 507 1966; x_wconf 82' lang='lat' dir='ltr'>esse,</span> <span class='ocrx_word' id='word_1_134' title='bbox 521 1891 600 1969; x_wconf 91' lang='lat' dir='ltr'>post</span> <span class='ocrx_word' id='word_1_135' title='bbox 622 1906 750 1949; x_wconf 87' lang='lat' dir='ltr'>carmen</span> <span class='ocrx_word' id='word_1_136' title='bbox 775 1885 794 1946; x_wconf 87' lang='lat'><strong>3</strong></span> <span class='ocrx_word' id='word_1_137' title='bbox 817 1883 851 1946; x_wconf 93' lang='lat' dir='ltr'>in</span> <span class='ocrx_word' id='word_1_138' title='bbox 875 1884 909 1948; x_wconf 92' lang='lat' dir='ltr'>H</span> <span class='ocrx_word' id='word_1_139' title='bbox 932 1891 965 1948; x_wconf 89' lang='lat' dir='ltr'>et</span> <span class='ocrx_word' id='word_1_140' title='bbox 985 1883 1006 1949; x_wconf 97' lang='lat' dir='ltr'>b</span> <span class='ocrx_word' id='word_1_141' title='bbox 1031 1883 1169 1970; x_wconf 87' lang='lat' dir='ltr'>reperiri</span> <span class='ocrx_word' id='word_1_142' title='bbox 1194 1880 1318 1949; x_wconf 78' lang='grc' dir='ltr'><strong>8.Μο-</strong></span> 
     </span>
     <span class='ocr_line' id='line_1_17' title="bbox 178 1981 1317 2072; baseline 0.004 -24"><span class='ocrx_word' id='word_1_143' title='bbox 178 1981 338 2050; x_wconf 79' lang='lat' dir='ltr'><strong>&#39;DESTL</strong></span> <span class='ocrx_word' id='word_1_144' title='bbox 361 1985 404 2050; x_wconf 90' lang='lat' dir='ltr'>A.</span> <span class='ocrx_word' id='word_1_145' title='bbox 422 1983 618 2052; x_wconf 86' lang='lat' dir='ltr'>SIDONII.</span> <span class='ocrx_word' id='word_1_146' title='bbox 653 1985 779 2050; x_wconf 89' lang='lat' dir='ltr'>Ultimo</span> <span class='ocrx_word' id='word_1_147' title='bbox 796 1985 870 2050; x_wconf 92' lang='lat' dir='ltr'>loco</span> <span class='ocrx_word' id='word_1_148' title='bbox 887 1993 974 2052; x_wconf 87' lang='lat' dir='ltr'>recte</span> <span class='ocrx_word' id='word_1_149' title='bbox 990 1987 1068 2072; x_wconf 91' lang='lat' dir='ltr'>poni</span> <span class='ocrx_word' id='word_1_150' title='bbox 1082 1985 1239 2052; x_wconf 80' lang='lat' dir='ltr'>Sidonios</span> <span class='ocrx_word' id='word_1_151' title='bbox 1262 1988 1317 2052; x_wconf 88' lang='lat' dir='ltr'>de-</span> 
     </span>
     <span class='ocr_line' id='line_1_18' title="bbox 185 2086 1316 2175; baseline 0.004 -23"><span class='ocrx_word' id='word_1_152' title='bbox 185 2089 382 2153; x_wconf 90' lang='lat' dir='ltr'>monstravit</span> <span class='ocrx_word' id='word_1_153' title='bbox 405 2086 611 2173; x_wconf 83' lang='lat' dir='ltr'>Sirmondus,</span> <span class='ocrx_word' id='word_1_154' title='bbox 627 2091 683 2175; x_wconf 89' lang='lat' dir='ltr'>qui</span> <span class='ocrx_word' id='word_1_155' title='bbox 706 2091 740 2154; x_wconf 92' lang='lat' dir='ltr'>in</span> <span class='ocrx_word' id='word_1_156' title='bbox 763 2089 957 2174; x_wconf 85' lang='lat' dir='ltr'>quibusdam</span> <span class='ocrx_word' id='word_1_157' title='bbox 981 2090 1151 2155; x_wconf 89' lang='lat' dir='ltr'>codicibus</span> <span class='ocrx_word' id='word_1_158' title='bbox 1175 2092 1222 2156; x_wconf 92' lang='lat' dir='ltr'>ait</span> <span class='ocrx_word' id='word_1_159' title='bbox 1243 2113 1316 2157; x_wconf 89' lang='lat' dir='ltr'>esse</span> 
     </span>
     <span class='ocr_line' id='line_1_19' title="bbox 186 2192 1315 2275; baseline 0.004 -20"><span class='ocrx_word' id='word_1_160' title='bbox 186 2192 328 2256; x_wconf 78' lang='lat' dir='ltr'>Modesti</span> <span class='ocrx_word' id='word_1_161' title='bbox 350 2216 468 2259; x_wconf 91' lang='lat' dir='ltr'>nomen</span> <span class='ocrx_word' id='word_1_162' title='bbox 491 2217 528 2258; x_wconf 90' lang='lat' dir='ltr'>eo</span> <span class='ocrx_word' id='word_1_163' title='bbox 552 2193 637 2274; x_wconf 89' lang='lat' dir='ltr'>loco,</span> <span class='ocrx_word' id='word_1_164' title='bbox 659 2194 715 2258; x_wconf 89' lang='lat' dir='ltr'>ubi</span> <span class='ocrx_word' id='word_1_165' title='bbox 739 2194 773 2256; x_wconf 92' lang='lat' dir='ltr'>in</span> <span class='ocrx_word' id='word_1_166' title='bbox 795 2193 828 2256; x_wconf 90' lang='lat' dir='ltr'><strong>A</strong></span> <span class='ocrx_word' id='word_1_167' title='bbox 851 2201 911 2275; x_wconf 83' lang='lat' dir='ltr'>est,</span> <span class='ocrx_word' id='word_1_168' title='bbox 937 2197 1015 2257; x_wconf 82' lang='lat' dir='ltr'>”nec</span> <span class='ocrx_word' id='word_1_169' title='bbox 1043 2193 1189 2259; x_wconf 89' lang='lat' dir='ltr'>insolens</span> <span class='ocrx_word' id='word_1_170' title='bbox 1212 2194 1315 2260; x_wconf 85' lang='lat' dir='ltr'>foisse</span> 
     </span>
     <span class='ocr_line' id='line_1_20' title="bbox 185 2295 1316 2383; baseline 0.003 -24"><span class='ocrx_word' id='word_1_171' title='bbox 185 2317 223 2359; x_wconf 90' lang='lat' dir='ltr'>ea</span> <span class='ocrx_word' id='word_1_172' title='bbox 245 2304 351 2360; x_wconf 86' lang='lat' dir='ltr'>aetate</span> <span class='ocrx_word' id='word_1_173' title='bbox 373 2305 410 2360; x_wconf 93' lang='lat' dir='ltr'>ut</span> <span class='ocrx_word' id='word_1_174' title='bbox 431 2298 573 2381; x_wconf 90' lang='lat' dir='ltr'>quinque</span> <span class='ocrx_word' id='word_1_175' title='bbox 590 2297 685 2361; x_wconf 90' lang='lat' dir='ltr'>unios</span> <span class='ocrx_word' id='word_1_176' title='bbox 703 2303 815 2360; x_wconf 88' lang='lat' dir='ltr'>essent</span> <span class='ocrx_word' id='word_1_177' title='bbox 831 2295 1020 2374; x_wconf 85' lang='lat' dir='ltr'>voeabula”;</span> <span class='ocrx_word' id='word_1_178' title='bbox 1043 2305 1214 2383; x_wconf 88' lang='lat' dir='ltr'>comparat</span> <span class='ocrx_word' id='word_1_179' title='bbox 1224 2321 1316 2383; x_wconf 86' lang='lat' dir='ltr'>prae-</span> 
     </span>
     <span class='ocr_line' id='line_1_21' title="bbox 185 2396 1314 2487; baseline 0.003 -24"><span class='ocrx_word' id='word_1_180' title='bbox 185 2406 272 2466; x_wconf 87' lang='lat' dir='ltr'>terea</span> <span class='ocrx_word' id='word_1_181' title='bbox 305 2423 356 2487; x_wconf 89' lang='lat' dir='ltr'>ep.</span> <span class='ocrx_word' id='word_1_182' title='bbox 379 2401 435 2466; x_wconf 92' lang='lat' dir='ltr'>IX</span> <span class='ocrx_word' id='word_1_183' title='bbox 464 2402 503 2465; x_wconf 80' lang='lat'>12</span> <span class='ocrx_word' id='word_1_184' title='bbox 532 2412 612 2466; x_wconf 80' lang='lat' dir='ltr'>extr.</span> <span class='ocrx_word' id='word_1_185' title='bbox 641 2400 766 2486; x_wconf 88' lang='lat' dir='ltr'>(Baret.</span> <span class='ocrx_word' id='word_1_186' title='bbox 791 2423 822 2486; x_wconf 88' lang='lat' dir='ltr'>p.</span> <span class='ocrx_word' id='word_1_187' title='bbox 849 2400 938 2482; x_wconf 76' lang='lat'>472),</span> <span class='ocrx_word' id='word_1_188' title='bbox 967 2399 1023 2464; x_wconf 90' lang='lat' dir='ltr'>ubi</span> <span class='ocrx_word' id='word_1_189' title='bbox 1054 2396 1211 2466; x_wconf 89' lang='lat' dir='ltr'>Sidonius</span> <span class='ocrx_word' id='word_1_190' title='bbox 1252 2401 1314 2467; x_wconf 92' lang='lat' dir='ltr'>hoc</span> 
     </span>
     <span class='ocr_line' id='line_1_22' title="bbox 184 2502 1315 2592; baseline 0 -25"><span class='ocrx_word' id='word_1_191' title='bbox 184 2502 280 2568; x_wconf 84' lang='lat' dir='ltr'>dicit:</span> <span class='ocrx_word' id='word_1_192' title='bbox 303 2527 401 2592; x_wconf 79' lang='lat' dir='ltr'>neque</span> <span class='ocrx_word' id='word_1_193' title='bbox 429 2507 514 2568; x_wconf 82' lang='lat' dir='ltr'>enlm</span> <span class='ocrx_word' id='word_1_194' title='bbox 537 2507 693 2592; x_wconf 61' lang='lat' dir='ltr'>suffronio</span> <span class='ocrx_word' id='word_1_195' title='bbox 719 2505 900 2568; x_wconf 77' lang='lat' dir='ltr'>tournines</span> <span class='ocrx_word' id='word_1_196' title='bbox 924 2526 1057 2589; x_wconf 74' lang='lat' dir='ltr'>ooqeor,</span> <span class='ocrx_word' id='word_1_197' title='bbox 1081 2507 1110 2568; x_wconf 74' lang='grc' dir='ltr'>ει·</span> <span class='ocrx_word' id='word_1_198' title='bbox 1124 2503 1219 2590; x_wconf 78' lang='lat' dir='ltr'>sorte</span> <span class='ocrx_word' id='word_1_199' title='bbox 1241 2505 1315 2589; x_wconf 65' lang='lat' dir='ltr'>dey-</span> 
     </span>
     <span class='ocr_line' id='line_1_23' title="bbox 183 2603 1315 2692; baseline 0.003 -24"><span class='ocrx_word' id='word_1_200' title='bbox 183 2611 272 2671; x_wconf 82' lang='lat' dir='ltr'>nerr‘s</span> <span class='ocrx_word' id='word_1_201' title='bbox 295 2610 362 2672; x_wconf 84' lang='lat' dir='ltr'>lom</span> <span class='ocrx_word' id='word_1_202' title='bbox 385 2609 594 2672; x_wconf 79' lang='lat' dir='ltr'>modestam</span> <span class='ocrx_word' id='word_1_203' title='bbox 614 2610 723 2692; x_wconf 82' lang='lat' dir='ltr'>potios</span> <span class='ocrx_word' id='word_1_204' title='bbox 742 2606 993 2692; x_wconf 80' lang='lat' dir='ltr'>quomfocetum</span> <span class='ocrx_word' id='word_1_205' title='bbox 1006 2609 1203 2670; x_wconf 67' lang='lat' dir='ltr'>existimare.</span> <span class='ocrx_word' id='word_1_206' title='bbox 1232 2603 1315 2689; x_wconf 81' lang='lat' dir='ltr'>Qui-</span> 
     </span>
     <span class='ocr_line' id='line_1_24' title="bbox 182 2708 1313 2794; baseline 0.003 -22"><span class='ocrx_word' id='word_1_207' title='bbox 182 2708 244 2774; x_wconf 93' lang='lat' dir='ltr'>bus</span> <span class='ocrx_word' id='word_1_208' title='bbox 267 2709 307 2775; x_wconf 91' lang='lat' dir='ltr'>de</span> <span class='ocrx_word' id='word_1_209' title='bbox 330 2711 440 2776; x_wconf 79' lang='lat' dir='ltr'>earrsis</span> <span class='ocrx_word' id='word_1_210' title='bbox 464 2710 622 2792; x_wconf 86' lang='lat' dir='ltr'>adducor,</span> <span class='ocrx_word' id='word_1_211' title='bbox 636 2718 673 2774; x_wconf 90' lang='lat' dir='ltr'>ut</span> <span class='ocrx_word' id='word_1_212' title='bbox 688 2709 837 2774; x_wconf 84' lang='lat' dir='ltr'>Modesti</span> <span class='ocrx_word' id='word_1_213' title='bbox 860 2733 977 2774; x_wconf 91' lang='lat' dir='ltr'>nomen</span> <span class='ocrx_word' id='word_1_214' title='bbox 994 2708 1217 2794; x_wconf 90' lang='lat' dir='ltr'>recipiendum</span> <span class='ocrx_word' id='word_1_215' title='bbox 1240 2731 1313 2775; x_wconf 90' lang='lat' dir='ltr'>esse</span> 
     </span>
     <span class='ocr_line' id='line_1_25' title="bbox 182 2813 373 2878; baseline 0 -2"><span class='ocrx_word' id='word_1_216' title='bbox 182 2813 373 2878; x_wconf 87' lang='lat' dir='ltr'>existimem.</span> 
     </span>
    </p>

    <p class='ocr_par' dir='ltr' id='par_1_4' title="bbox 180 2914 1312 3518">
     <span class='ocr_line' id='line_1_26' title="bbox 284 2914 1312 3001; baseline -0.001 -20"><span class='ocrx_word' id='word_1_217' title='bbox 284 2916 337 2981; x_wconf 83' lang='lat' dir='ltr'>Ex</span> <span class='ocrx_word' id='word_1_218' title='bbox 359 2917 550 2982; x_wconf 91' lang='lat' dir='ltr'>mendorum</span> <span class='ocrx_word' id='word_1_219' title='bbox 573 2915 786 2981; x_wconf 88' lang='lat' dir='ltr'>similitudine</span> <span class='ocrx_word' id='word_1_220' title='bbox 810 2914 1053 3001; x_wconf 83' lang='lat' dir='ltr'>cognationem,</span> <span class='ocrx_word' id='word_1_221' title='bbox 1075 2937 1158 2998; x_wconf 89' lang='lat' dir='ltr'>quae</span> <span class='ocrx_word' id='word_1_222' title='bbox 1180 2914 1312 2998; x_wconf 87' lang='lat' dir='ltr'>dieitur,</span> 
     </span>
     <span class='ocr_line' id='line_1_27' title="bbox 183 3013 1312 3085; baseline 0.002 -4"><span class='ocrx_word' id='word_1_223' title='bbox 183 3019 332 3084; x_wconf 89' lang='lat' dir='ltr'>codicum</span> <span class='ocrx_word' id='word_1_224' title='bbox 356 3019 499 3085; x_wconf 89' lang='lat' dir='ltr'>editores</span> <span class='ocrx_word' id='word_1_225' title='bbox 522 3020 590 3084; x_wconf 90' lang='lat' dir='ltr'>iure</span> <span class='ocrx_word' id='word_1_226' title='bbox 614 3019 722 3084; x_wconf 88' lang='lat' dir='ltr'>solent</span> <span class='ocrx_word' id='word_1_227' title='bbox 744 3018 889 3082; x_wconf 89' lang='lat' dir='ltr'>definire.</span> <span class='ocrx_word' id='word_1_228' title='bbox 935 3013 1065 3081; x_wconf 88' lang='lat' dir='ltr'>Sidonii</span> <span class='ocrx_word' id='word_1_229' title='bbox 1094 3025 1200 3082; x_wconf 87' lang='lat' dir='ltr'>nutem</span> <span class='ocrx_word' id='word_1_230' title='bbox 1223 3019 1312 3084; x_wconf 91' lang='lat' dir='ltr'>codi-</span> 
     </span>
     <span class='ocr_line' id='line_1_28' title="bbox 182 3120 1312 3209; baseline 0.003 -25"><span class='ocrx_word' id='word_1_231' title='bbox 182 3143 237 3185; x_wconf 92' lang='lat' dir='ltr'>ces</span> <span class='ocrx_word' id='word_1_232' title='bbox 261 3122 302 3186; x_wconf 89' lang='lat' dir='ltr'>ad</span> <span class='ocrx_word' id='word_1_233' title='bbox 324 3146 423 3187; x_wconf 91' lang='lat' dir='ltr'>unum</span> <span class='ocrx_word' id='word_1_234' title='bbox 446 3131 542 3208; x_wconf 90' lang='lat' dir='ltr'>atque</span> <span class='ocrx_word' id='word_1_235' title='bbox 565 3123 650 3188; x_wconf 89' lang='lat' dir='ltr'>idem</span> <span class='ocrx_word' id='word_1_236' title='bbox 673 3122 839 3209; x_wconf 80' lang='lat' dir='ltr'>exemplar</span> <span class='ocrx_word' id='word_1_237' title='bbox 855 3122 920 3186; x_wconf 90' lang='lat' dir='ltr'>iam</span> <span class='ocrx_word' id='word_1_238' title='bbox 936 3120 1028 3184; x_wconf 89' lang='lat' dir='ltr'>vitiis</span> <span class='ocrx_word' id='word_1_239' title='bbox 1052 3130 1240 3208; x_wconf 89' lang='lat' dir='ltr'>corruptum</span> <span class='ocrx_word' id='word_1_240' title='bbox 1263 3146 1312 3187; x_wconf 92' lang='lat' dir='ltr'>re-</span> 
     </span>
     <span class='ocr_line' id='line_1_29' title="bbox 182 3223 1311 3312; baseline 0.004 -25"><span class='ocrx_word' id='word_1_241' title='bbox 182 3223 334 3289; x_wconf 89' lang='lat' dir='ltr'>ferendos</span> <span class='ocrx_word' id='word_1_242' title='bbox 364 3247 436 3290; x_wconf 85' lang='lat' dir='ltr'>csse</span> <span class='ocrx_word' id='word_1_243' title='bbox 469 3249 663 3312; x_wconf 89' lang='lat' dir='ltr'>quamquam</span> <span class='ocrx_word' id='word_1_244' title='bbox 698 3245 856 3312; x_wconf 88' lang='lat' dir='ltr'>apparere</span> <span class='ocrx_word' id='word_1_245' title='bbox 878 3232 970 3311; x_wconf 84' lang='lat' dir='ltr'>puto,</span> <span class='ocrx_word' id='word_1_246' title='bbox 993 3232 1101 3288; x_wconf 87' lang='lat' dir='ltr'>tamen</span> <span class='ocrx_word' id='word_1_247' title='bbox 1124 3247 1196 3291; x_wconf 91' lang='lat' dir='ltr'>cum</span> <span class='ocrx_word' id='word_1_248' title='bbox 1220 3225 1311 3291; x_wconf 89' lang='lat' dir='ltr'>solos</span> 
     </span>
     <span class='ocr_line' id='line_1_30' title="bbox 181 3328 1311 3415; baseline 0.005 -26"><span class='ocrx_word' id='word_1_249' title='bbox 181 3335 249 3392; x_wconf 90' lang='lat' dir='ltr'>tres</span> <span class='ocrx_word' id='word_1_250' title='bbox 272 3328 405 3394; x_wconf 88' lang='lat' dir='ltr'>codices</span> <span class='ocrx_word' id='word_1_251' title='bbox 429 3337 518 3394; x_wconf 88' lang='lat' dir='ltr'>totos</span> <span class='ocrx_word' id='word_1_252' title='bbox 542 3329 746 3410; x_wconf 87' lang='lat' dir='ltr'>contulerim,</span> <span class='ocrx_word' id='word_1_253' title='bbox 759 3351 895 3415; x_wconf 89' lang='lat' dir='ltr'>prorsus</span> <span class='ocrx_word' id='word_1_254' title='bbox 919 3328 1018 3393; x_wconf 88' lang='lat' dir='ltr'>certis</span> <span class='ocrx_word' id='word_1_255' title='bbox 1042 3329 1240 3395; x_wconf 85' lang='lat' dir='ltr'>testimoniis</span> <span class='ocrx_word' id='word_1_256' title='bbox 1257 3353 1311 3395; x_wconf 89' lang='lat' dir='ltr'>ne·</span> 
     </span>
     <span class='ocr_line' id='line_1_31' title="bbox 180 3430 1310 3518; baseline 0.004 -24"><span class='ocrx_word' id='word_1_257' title='bbox 180 3453 263 3515; x_wconf 90' lang='lat' dir='ltr'>queo</span> <span class='ocrx_word' id='word_1_258' title='bbox 298 3434 500 3498; x_wconf 82' lang='lat' dir='ltr'>confirmare.</span> <span class='ocrx_word' id='word_1_259' title='bbox 549 3432 674 3499; x_wconf 81' lang='lat' dir='ltr'>Mende</span> <span class='ocrx_word' id='word_1_260' title='bbox 708 3431 878 3518; x_wconf 86' lang='lat' dir='ltr'>archetypi</span> <span class='ocrx_word' id='word_1_261' title='bbox 912 3431 946 3494; x_wconf 95' lang='lat' dir='ltr'>in</span> <span class='ocrx_word' id='word_1_262' title='bbox 978 3431 1052 3516; x_wconf 89' lang='lat' dir='ltr'>ipsa</span> <span class='ocrx_word' id='word_1_263' title='bbox 1085 3430 1310 3518; x_wconf 89' lang='lat' dir='ltr'>disputatione</span> 
     </span>
    </p>
   </div>
   <div class='ocr_carea' id='block_1_3' title="bbox 179 3534 1309 4344">
    <p class='ocr_par' dir='ltr' id='par_1_5' title="bbox 179 3534 1309 4344">
     <span class='ocr_line' id='line_1_32' title="bbox 181 3534 1309 3624; baseline 0.004 -26"><span class='ocrx_word' id='word_1_264' title='bbox 181 3534 324 3600; x_wconf 89' lang='lat' dir='ltr'>indicavi</span> <span class='ocrx_word' id='word_1_265' title='bbox 353 3537 404 3600; x_wconf 93' lang='lat' dir='ltr'>his</span> <span class='ocrx_word' id='word_1_266' title='bbox 433 3537 531 3602; x_wconf 88' lang='lat' dir='ltr'>locis:</span> <span class='ocrx_word' id='word_1_267' title='bbox 577 3538 652 3623; x_wconf 82' lang='grc'><strong>(18).</strong></span> <span class='ocrx_word' id='word_1_268' title='bbox 681 3537 744 3602; x_wconf 97' lang='grc'><strong>137.</strong></span> <span class='ocrx_word' id='word_1_269' title='bbox 774 3537 837 3601; x_wconf 93' lang='grc'><strong>118.</strong></span> <span class='ocrx_word' id='word_1_270' title='bbox 866 3536 929 3601; x_wconf 76' lang='lat' dir='ltr'>itt.</span> <span class='ocrx_word' id='word_1_271' title='bbox 954 3535 1016 3600; x_wconf 86' lang='grc'><strong>111.</strong></span> <span class='ocrx_word' id='word_1_272' title='bbox 1042 3535 1103 3600; x_wconf 78' lang='grc'><strong>188.</strong></span> <span class='ocrx_word' id='word_1_273' title='bbox 1126 3536 1191 3602; x_wconf 86' lang='grc'><strong>217.</strong></span> <span class='ocrx_word' id='word_1_274' title='bbox 1214 3538 1309 3624; x_wconf 88' lang='grc'><strong>(217).</strong></span> 
     </span>
     <span class='ocr_line' id='line_1_33' title="bbox 180 3638 1309 3725; baseline 0 -21"><span class='ocrx_word' id='word_1_275' title='bbox 180 3639 245 3705; x_wconf 84' lang='grc'><strong>231.</strong></span> <span class='ocrx_word' id='word_1_276' title='bbox 268 3641 332 3707; x_wconf 90' lang='grc'><strong>213.</strong></span> <span class='ocrx_word' id='word_1_277' title='bbox 355 3641 419 3706; x_wconf 81' lang='grc'><strong>211.</strong></span> <span class='ocrx_word' id='word_1_278' title='bbox 441 3640 506 3707; x_wconf 77' lang='grc'><strong>253.</strong></span> <span class='ocrx_word' id='word_1_279' title='bbox 529 3641 592 3705; x_wconf 77' lang='grc'><strong>218.</strong></span> <span class='ocrx_word' id='word_1_280' title='bbox 615 3640 680 3705; x_wconf 83' lang='grc'><strong>282.</strong></span> <span class='ocrx_word' id='word_1_281' title='bbox 703 3640 767 3705; x_wconf 79' lang='grc'><strong>231.</strong></span> <span class='ocrx_word' id='word_1_282' title='bbox 793 3640 857 3705; x_wconf 78' lang='grc'><strong>312.</strong></span> <span class='ocrx_word' id='word_1_283' title='bbox 884 3639 949 3705; x_wconf 87' lang='grc'><strong>321.</strong></span> <span class='ocrx_word' id='word_1_284' title='bbox 977 3638 1309 3725; x_wconf 65' lang='grc' dir='ltr'><strong>3383873118,ᾳυί-</strong></span> 
     </span>
     <span class='ocr_line' id='line_1_34' title="bbox 181 3741 1309 3830; baseline -0.004 -22"><span class='ocrx_word' id='word_1_285' title='bbox 181 3741 242 3808; x_wconf 92' lang='lat' dir='ltr'>bus</span> <span class='ocrx_word' id='word_1_286' title='bbox 264 3743 439 3829; x_wconf 84' lang='lat' dir='ltr'>adiungam</span> <span class='ocrx_word' id='word_1_287' title='bbox 462 3767 512 3830; x_wconf 88' lang='lat' dir='ltr'>ep.</span> <span class='ocrx_word' id='word_1_288' title='bbox 536 3743 628 3809; x_wconf 91' lang='lat' dir='ltr'>VIII</span> <span class='ocrx_word' id='word_1_289' title='bbox 651 3745 669 3805; x_wconf 90' lang='grc'><strong>1</strong></span> <span class='ocrx_word' id='word_1_290' title='bbox 698 3744 793 3828; x_wconf 75' lang='lat'>(425)</span> <span class='ocrx_word' id='word_1_291' title='bbox 818 3745 884 3808; x_wconf 80' lang='lat' dir='ltr'>ium</span> <span class='ocrx_word' id='word_1_292' title='bbox 901 3745 1016 3826; x_wconf 81' lang='lat' dir='ltr'>polam</span> <span class='ocrx_word' id='word_1_293' title='bbox 1039 3743 1196 3827; x_wconf 70' lang='lat' dir='ltr'>reliqe&#39;oso</span> <span class='ocrx_word' id='word_1_294' title='bbox 1220 3765 1309 3808; x_wconf 84' lang='lat' dir='ltr'>oene-</span> 
     </span>
     <span class='ocr_line' id='line_1_35' title="bbox 180 3844 1307 3931; baseline 0.006 -27"><span class='ocrx_word' id='word_1_295' title='bbox 180 3846 303 3910; x_wconf 80' lang='lat' dir='ltr'>rondus</span> <span class='ocrx_word' id='word_1_296' title='bbox 337 3849 413 3931; x_wconf 73' lang='lat' dir='ltr'>ioqo</span> <span class='ocrx_word' id='word_1_297' title='bbox 448 3846 575 3911; x_wconf 81' lang='lat' dir='ltr'>salebri</span> <span class='ocrx_word' id='word_1_298' title='bbox 597 3845 680 3910; x_wconf 88' lang='lat' dir='ltr'>collo</span> <span class='ocrx_word' id='word_1_299' title='bbox 706 3850 837 3930; x_wconf 80' lang='lat' dir='ltr'>pariter</span> <span class='ocrx_word' id='word_1_300' title='bbox 865 3856 895 3909; x_wconf 88' lang='lat' dir='ltr'>et</span> <span class='ocrx_word' id='word_1_301' title='bbox 924 3845 1023 3909; x_wconf 82' lang='lat' dir='ltr'>eorda</span> <span class='ocrx_word' id='word_1_302' title='bbox 1051 3844 1229 3922; x_wconf 80' lang='lat' dir='ltr'>subdare,</span> <span class='ocrx_word' id='word_1_303' title='bbox 1253 3846 1307 3911; x_wconf 89' lang='lat' dir='ltr'>ubi</span> 
     </span>
     <span class='ocr_line' id='line_1_36' title="bbox 179 3947 1268 4032; baseline 0.001 -22"><span class='ocrx_word' id='word_1_304' title='bbox 179 3948 281 4012; x_wconf 87' lang='lat' dir='ltr'>miror</span> <span class='ocrx_word' id='word_1_305' title='bbox 303 3948 473 4028; x_wconf 79' lang='lat' dir='ltr'>neminem,</span> <span class='ocrx_word' id='word_1_306' title='bbox 497 3947 584 4032; x_wconf 90' lang='lat' dir='ltr'>qood</span> <span class='ocrx_word' id='word_1_307' title='bbox 608 3948 719 4028; x_wconf 89' lang='lat' dir='ltr'>sciam,</span> <span class='ocrx_word' id='word_1_308' title='bbox 742 3947 903 4012; x_wconf 88' lang='lat' dir='ltr'>editorum</span> <span class='ocrx_word' id='word_1_309' title='bbox 926 3947 1059 4012; x_wconf 80' lang='lat' dir='ltr'>subdere</span> <span class='ocrx_word' id='word_1_310' title='bbox 1083 3947 1268 4032; x_wconf 90' lang='lat' dir='ltr'>scripsisse.</span> 
     </span>
     <span class='ocr_line' id='line_1_37' title="bbox 283 4048 1307 4135; baseline -0.001 -20"><span class='ocrx_word' id='word_1_311' title='bbox 283 4050 401 4115; x_wconf 88' lang='lat' dir='ltr'>Multis</span> <span class='ocrx_word' id='word_1_312' title='bbox 424 4074 501 4115; x_wconf 87' lang='lat' dir='ltr'>vero</span> <span class='ocrx_word' id='word_1_313' title='bbox 524 4051 619 4132; x_wconf 88' lang='lat' dir='ltr'>locis,</span> <span class='ocrx_word' id='word_1_314' title='bbox 641 4072 723 4135; x_wconf 91' lang='lat' dir='ltr'>quos</span> <span class='ocrx_word' id='word_1_315' title='bbox 748 4050 802 4114; x_wconf 92' lang='lat' dir='ltr'>hic</span> <span class='ocrx_word' id='word_1_316' title='bbox 825 4072 1011 4114; x_wconf 90' lang='lat' dir='ltr'>enumerare</span> <span class='ocrx_word' id='word_1_317' title='bbox 1038 4048 1122 4112; x_wconf 93' lang='lat' dir='ltr'>nihil</span> <span class='ocrx_word' id='word_1_318' title='bbox 1145 4050 1307 4132; x_wconf 83' lang='lat' dir='ltr'>attinebit,</span> 
     </span>
     <span class='ocr_line' id='line_1_38' title="bbox 179 4152 1307 4238; baseline 0.002 -21"><span class='ocrx_word' id='word_1_319' title='bbox 179 4153 214 4218; x_wconf 94' lang='lat' dir='ltr'>id</span> <span class='ocrx_word' id='word_1_320' title='bbox 247 4153 489 4220; x_wconf 86' lang='lat' dir='ltr'>demonstrasse</span> <span class='ocrx_word' id='word_1_321' title='bbox 521 4154 602 4218; x_wconf 90' lang='lat' dir='ltr'>mihi</span> <span class='ocrx_word' id='word_1_322' title='bbox 635 4154 757 4238; x_wconf 85' lang='lat' dir='ltr'>videor,</span> <span class='ocrx_word' id='word_1_323' title='bbox 781 4154 813 4217; x_wconf 91' lang='lat' dir='ltr'><strong>A</strong></span> <span class='ocrx_word' id='word_1_324' title='bbox 836 4154 982 4219; x_wconf 90' lang='lat' dir='ltr'>codicem</span> <span class='ocrx_word' id='word_1_325' title='bbox 1016 4152 1143 4218; x_wconf 90' lang='lat' dir='ltr'>mendis</span> <span class='ocrx_word' id='word_1_326' title='bbox 1177 4155 1307 4219; x_wconf 91' lang='lat' dir='ltr'>minime</span> 
     </span>
     <span class='ocr_line' id='line_1_39' title="bbox 180 4256 1307 4344; baseline 0.002 -24"><span class='ocrx_word' id='word_1_327' title='bbox 180 4257 322 4321; x_wconf 89' lang='lat' dir='ltr'>omnium</span> <span class='ocrx_word' id='word_1_328' title='bbox 344 4279 418 4322; x_wconf 88' lang='lat' dir='ltr'>esse</span> <span class='ocrx_word' id='word_1_329' title='bbox 441 4258 600 4339; x_wconf 88' lang='lat' dir='ltr'>vitiatum,</span> <span class='ocrx_word' id='word_1_330' title='bbox 622 4279 688 4322; x_wconf 93' lang='lat' dir='ltr'>non</span> <span class='ocrx_word' id='word_1_331' title='bbox 711 4257 858 4344; x_wconf 85' lang='lat' dir='ltr'>integros</span> <span class='ocrx_word' id='word_1_332' title='bbox 882 4264 999 4337; x_wconf 84' lang='lat' dir='ltr'>autem,</span> <span class='ocrx_word' id='word_1_333' title='bbox 1015 4278 1080 4340; x_wconf 92' lang='lat' dir='ltr'>quo</span> <span class='ocrx_word' id='word_1_334' title='bbox 1103 4256 1240 4342; x_wconf 89' lang='lat' dir='ltr'>quisque</span> <span class='ocrx_word' id='word_1_335' title='bbox 1263 4258 1307 4323; x_wconf 92' lang='lat' dir='ltr'>sit</span> 
     </span>
    </p>
   </div>
   <div class='ocr_carea' id='block_1_4' title="bbox 0 0 1590 4908">
    <p class='ocr_par' dir='ltr' id='par_1_6' title="bbox 0 0 1590 4908">
     <span class='ocr_line' id='line_1_40' title="bbox 0 0 1590 4908; baseline 0 6"><span class='ocrx_word' id='word_1_336' title='bbox 0 0 1590 4908; x_wconf 95' lang='lat' dir='ltr'> </span> 
     </span>
    </p>
   </div>
  </div>
 </body>
</html>
