3186 4900
317 284 377 349 100

271 482 353 534 totos
387 473 512 554 sinpute'
545 482 665 552 canent,
680 471 810 557 sactum
844 485 890 536 est
922 483 1045 536 utnon
1072 487 1285 560 aspernanter
1307 476 1400 540 andi-

269 586 353 655 rent,
377 575 461 659 qnod
483 576 630 659 deinceps
654 575 832 640 ambienter
855 589 1092 662 repeterent.

372 712 436 777 348.
482 711 583 776 Enim
606 711 767 776 omittitur
789 713 824 776 in
847 713 890 795 V,
913 717 1002 799 quod
1024 714 1140 780 melius
1165 715 1259 780 duca.

371 833 436 900 340.
488 833 702 898 Valuissemns
736 836 864 919 aliquid
897 859 936 899 ex
964 835 1172 902 AHRVU
1198 838 1328 924 scripsi,
1352 837 1400 901 in-

271 960 400 1002 versum
422 937 562 1001 Baretus
586 935 677 1000 solus
700 938 796 1021 ponit
818 937 975 1002 ordinem.

372 1058 436 1123 350.
482 1056 679 1143 Enpeterent
712 1057 747 1120 in
779 1058 930 1122 omnibus
954 1058 1154 1124 editionibus
1177 1062 1318 1147 repperi,
1342 1062 1399 1126 sed

269 1162 347 1246 quid
370 1183 405 1224 re
439 1169 571 1246 peracta
605 1165 710 1246 capeti
742 1161 887 1246 potuerit
920 1162 1068 1246 equidem
1091 1187 1156 1226 uon
1180 1163 1286 1229 video.
1332 1162 1399 1230 Sed

270 1265 302 1328 in
325 1265 358 1329 A
380 1273 413 1328 et
435 1263 464 1328 U
490 1265 621 1349 repperi
644 1276 892 1347 reponerent,
921 1266 1009 1349 quod
1042 1266 1107 1330 iam
1129 1265 1341 1333 Wouwerius
1364 1270 1400 1333 in

269 1368 480 1432 adnotatione
514 1375 753 1432 commemorat.
810 1369 902 1434 Idem
928 1370 962 1433 in
994 1370 1029 1434 H
1063 1372 1322 1457 superscriptum
1354 1373 1398 1436 ul·

269 1473 330 1536 teri
363 1471 498 1536 lectioni
531 1473 680 1558 repperi3
714 1473 798 1538 hane
834 1473 938 1538 solam
972 1473 1092 1539 habent
1113 1474 1243 1554 RZV3
1277 1476 1400 1560 aliquid
1447 1541 1449 1546 .

270 1575 335 1638 tule
364 1599 383 1638 a
405 1574 548 1640 librariis
572 1576 763 1660 requisitum
786 1599 858 1642 esse
882 1576 948 1640 alia
964 1575 1062 1641 lectio
1080 1577 1283 1642 demonstrat
1300 1601 1400 1664 aeque

269 1686 436 1764 corrupta,
457 1701 553 1762 quam
577 1702 614 1742 ex
639 1680 728 1744 Vict.
752 1682 771 1745 3
801 1680 913 1744 attulit
934 1677 1157 1762 Wouwerius‚
1186 1694 1400 1768 respectarent.

269 1782 429 1868 Reposits
459 1782 492 1846 A
514 1782 639 1848 codicis
661 1783 802 1848 lectione
824 1783 979 1849 dicuntur
1000 1783 1139 1848 libenter
1167 1784 1278 1848 audita
1310 1807 1394 1867 esse,

268 1908 350 1970 quae
372 1896 450 1973 post
479 1887 766 1952 ambitiosissimus
789 1887 924 1970 quisque
949 1910 1007 1972 spe
1029 1888 1179 1972 praecisa
1196 1889 1336 1952 insuum
1353 1896 1401 1952 tu-

269 2013 342 2053 men
375 1991 534 2055 honorem
562 1998 748 2076 exponeret.
795 1983 1118 2074 Itaque'anbiennr
1142 1999 1217 2078 apte
1241 1989 1399 2056 Sidonius

270 2093 391 2178 posuit.

372 2437 435 2523 Ep.
451 2436 531 2501 *VII
555 2439 574 2499 9
598 2437 709 2501 contio
739 2439 843 2524 (370).
880 2441 1020 2502 Maaime
1044 2439 1241 2521 ambiendus,
1254 2444 1330 2527 quia
1341 2444 1401 2504 mi-

270 2543 357 2631 nime
391 2540 581 2604 ambitiosas
610 2561 673 2602 non
702 2543 807 2606 studet
830 2546 990 2626 suscipere
1013 2544 1238 2624 sacerdotium,
1263 2544 1316 2608 sed
1339 2567 1402 2608 me-

270 2647 349 2709 reri.
397 2643 509 2708 Dicit
543 2646 712 2729 aliquis:
747 2646 829 2710 unde
866 2647 929 2710 tibi
961 2647 998 2709 de
1031 2649 1090 2710 nro
1121 2658 1188 2710 tam
1217 2651 1279 2711 cita
1309 2659 1403 2711 tanta

272 2759 435 2832 comperta
468 2747 562 2810 sant?
607 2745 668 2811 Cur?
701 2753 896 2834 respondeo.-
924 2752 1021 2833 prius
1045 2748 1216 2835 Bituripes
1250 2773 1403 2814 noveram

272 2874 366 2937 quam
388 2852 620 2927 Bituricum·
649 2855 764 2916 mattos
792 2857 828 2915 in
851 2856 980 2934 itinere,
1002 2856 1120 2917 multos
1142 2857 1178 2916 in
1202 2857 1402 2933 commilitio,

271 2957 413 3018 multos
435 2958 476 3017 in
500 2968 716 3036 contractu,
746 2960 888 3020 mattos
922 2960 962 3019 in
991 2969 1180 3036 tractatu,
1203 2961 1345 3022 mattos
1367 2961 1403 3020 in

273 3082 340 3138 suu,
363 3062 505 3123 multos
532 3064 568 3122 in
590 3071 705 3122 nostra
723 3064 991 3147 pereprinatione
1016 3065 1243 3146 capnoscimus.
1288 3061 1404 3125 Pluri-

271 3185 323 3224 ma
344 3165 484 3227 notitiae
501 3165 623 3228 dantur
653 3177 682 3227 ct
701 3167 906 3248 carpinione
925 3166 1123 3248 compendia,
1147 3167 1224 3253 qnia
1251 3185 1315 3226 non
1338 3176 1405 3228 tam

270 3288 392 3352 parcos
427 3271 580 3331 terminos
611 3270 722 3352 posuit
746 3269 860 3355 famae
883 3281 1005 3331 natura
1028 3292 1122 3355 quam
1143 3271 1284 3354 patriae.
1320 3267 1405 3347 Quo·

275 3372 365 3434 circa
389 3370 569 3434 sturbium
591 3383 780 3435 statnsnon
814 3382 880 3434 tem
901 3394 1068 3436 murorum
1096 3373 1220 3436 ambita
1243 3396 1337 3459 quam
1361 3375 1406 3436 ci·

275 3478 364 3538 cium
387 3476 538 3538 claritate
563 3477 723 3539 sanandas
757 3487 814 3555 est,
838 3499 901 3538 non
935 3477 1041 3540 modo
1066 3482 1238 3562 primum
1270 3480 1326 3563 qni
1359 3499 1406 3539 es-

276 3583 363 3658 setis,
386 3578 519 3642 sedebi
542 3582 650 3642 essetis
674 3582 818 3663 copncui.
861 3576 951 3641 Uuor
970 3581 1025 3643 iili
1037 3581 1075 3643 de
1087 3579 1318 3644 Palladiorum
1328 3582 1407 3643 stir-

273 3705 313 3767 pe
337 3683 510 3760 descendit,
534 3684 590 3768 qni
612 3693 668 3744 ant
691 3681 878 3746 litterar-nm
902 3695 955 3746 ant
973 3685 1131 3747 altarium
1149 3683 1318 3746 cattedras
1337 3705 1406 3746 cum

277 3791 328 3853 sni
360 3787 488 3850 ordinis
523 3788 615 3850 lande
643 3797 821 3849 tenuerunt.
867 3784 953 3850 Sane
982 3791 1058 3871 qnia
1074 3807 1218 3872 persona
1239 3801 1407 3852 matronae

278 3891 489 3956 uerecundam
513 3895 764 3974 succinctamque
788 3892 838 3954 sni
862 3893 964 3973 eripit
992 3894 1193 3973 mentionem,
1220 3903 1407 3956 constanter·

279 3997 475 4056 astrnnerim
509 3995 700 4075 respondere
724 3996 817 4056 iilam
842 3993 1003 4070 feminam
1026 3996 1217 4058 sacerdotiis
1240 3999 1405 4082 utriusque

276 4097 423 4176 familiae
445 4098 495 4158 uei
515 4096 573 4158 nbi
595 4097 732 4160 educta
756 4099 868 4177 creuit,
891 4099 939 4160 nel
961 4094 1016 4160 nbi
1039 4101 1138 4160 electa
1162 4101 1331 4183 mipracit.

382 4201 445 4264 tsi.
489 4199 604 4264 Dicit
627 4201 778 4284 aliquis
801 4223 839 4263 ex
864 4200 1143 4265 consentientibus
1166 4201 1199 4265 A
1222 4203 1307 4287 (dii)
1326 4203 1405 4266 HV

280 4303 450 4369 codicibus
474 4302 604 4390 scripsi,
627 4326 692 4367 non
716 4303 902 4367 dissimilii
925 4305 1165 4390 aliquis,q110d
1189 4305 1309 4373 habent
1332 4303 1402 4372 Sir-
