3172 4908
315 283 354 328 VI

269 451 450 529 mutilatam
478 461 656 536 sequuntur
684 454 748 518 alia
777 453 812 518 X
834 462 867 518 et
889 451 943 520 XI
967 455 1113 519 saeculis
1145 463 1289 520 exarata.
1335 451 1402 518 Sed

270 555 304 618 in
326 553 409 640 ipsis
434 551 563 619 Sidonii
593 555 746 640 epistulis
780 555 882 622 multa
904 557 1101 622 omittuntur
1131 567 1164 622 et
1186 571 1405 645 transponun-

271 666 333 721 tur.
379 657 418 721 In
445 681 496 743 ep.
521 657 558 723 ΙΙ
586 659 699 723 cinit.
724 667 801 745 post
834 659 930 726 verba
962 671 1144 748 patruoque
1173 659 1404 746 spectabilibus

273 768 451 843 sequuntur
473 783 512 824 ex
535 783 586 846 ep.
611 762 649 826 ΙΙ
671 764 690 824 9
715 762 785 825 init.
810 775 932 846 tempus
958 762 1275 847 voluptuosissimum
1304 785 1405 846 usque

272 863 398 928 adlicer
412 867 582 949 quaepiam
606 868 779 944 uolumina,
799 865 877 930 haee
889 865 1101 951 excipiuntur
1123 865 1191 930 illis
1213 889 1295 950 quae
1308 866 1341 928 in
1354 887 1405 950 ep.

274 966 341 1030 114
359 966 450 1050 sequi
463 965 644 1034 debuerunt
656 991 714 1033 aco
731 973 831 1033 ctiam
843 971 1141 1054 praestantissimo,
1160 968 1284 1033 omisso
1296 977 1403 1032 tamen

275 1069 374 1134 verbo
397 1093 473 1145 auo,·
493 1070 527 1133 in
545 1069 615 1133 init.
634 1071 737 1156 epil
760 1074 779 1134 9
802 1081 881 1156 post
902 1071 1002 1136 verba
1019 1070 1209 1136 Ferreolum
1232 1083 1262 1135 ct
1280 1072 1406 1156 Apolli·

273 1195 387 1235 narcm
407 1173 561 1258 (tempus)
581 1181 749 1258 ponuntur
777 1196 816 1238 ex
839 1174 953 1240 eadem
982 1173 1125 1260 epistula
1146 1179 1182 1237 in
1206 1195 1300 1259 quam
1314 1173 1407 1261 sorte

275 1284 306 1340 et
328 1299 358 1360 q.
373 1297 398 1339 s.
412 1275 529 1341 deinde
552 1276 586 1340 iu
605 1299 655 1362 ep.
670 1277 707 1342 ΙΙ
733 1282 765 1341 11
786 1277 896 1342 verbis
921 1281 1134 1343 communium
1156 1280 1409 1363 municipiorum

275 1377 498 1465 adiunguntur
531 1382 731 1464 (uolumina)
761 1385 988 1466 quorumpiam
1023 1393 1192 1446 auctorum
1225 1403 1277 1466 ep.
1312 1381 1350 1446 II
1378 1380 1408 1461 9,

277 1506 342 1547 non
375 1483 422 1546 ita
454 1483 556 1547 multo
590 1492 668 1569 post
701 1484 837 1570 scriptis
865 1484 975 1549 verbis
1004 1485 1113 1551 scrobs
1139 1485 1334 1571 ,fodiebatur
1357 1486 1410 1568 (iu

277 1609 372 1671 quom
384 1585 495 1672 sorte)
519 1586 677 1650 transitur
704 1586 744 1650 ad
773 1587 886 1672 epil
911 1592 945 1651 ll
978 1588 1264 1673 (municipiorum)
1291 1587 1410 1652 discre-

263 1692 364 1783 tione
384 1689 544 1774 procedit.
589 1689 812 1774 Apponuntur
835 1690 904 1754 suis
927 1690 1011 1755 loeis
1035 1700 1143 1774 notae,
1166 1691 1284 1776 quibus
1313 1711 1409 1754 verus

278 1790 359 1855 ordo
393 1798 603 1856 monstratur.
648 1792 719 1856 Iam
752 1815 830 1857 vero
854 1793 883 1858 si
906 1793 986 1859 haee
1010 1795 1150 1859 sumitur
1172 1795 1206 1858 in
1230 1793 1409 1880 archetypo

279 1895 382 1959 fuisse
405 1894 560 1958 foliorum
581 1895 676 1959 unius
698 1895 925 1980 quaternionis
949 1896 1162 1983 compositio:

280 2048 504 2115 f01.1-3-
528 2071 578 2136 ep.
591 2049 661 2116 114
686 2073 745 2114 acc
766 2053 865 2114 otiam
941 2089 982 2099 —-
1001 2074 1052 2137 ep.
1066 2052 1104 2117 II
1127 2053 1146 2116 9
1170 2054 1410 2136 Apollinarem.

280 2151 336 2214 fol.
360 2155 379 2216 4
468 2152 622 2240 —(ep.II
635 2151 801 2238 9)tempus
813 2157 977 2241 volupt-
996 2157 1161 2220 columina

281 2253 381 2317 solo
470 2295 510 2304 -
663 2261 888 2343 quorumpiam
946 2296 983 2305 -
991 2258 1188 2344 fodiebatur

283 2356 340 2420 fol.
364 2357 447 2422 6--8
472 2396 511 2405 -
658 2361 695 2422 in
717 2380 813 2444 quam
938 2361 1142 2447 -ep.IIll
1161 2361 1415 2445 municipiorum

283 2460 356 2546 (fol.
381 2461 400 2524 9
474 2499 510 2510 ·-
536 2462 730 2526 discretione
753 2470 787 2526 et
808 2485 839 2548 q.
864 2463 919 2549 s),

283 2622 421 2701 apparet
442 2614 499 2678 t'ol.
522 2618 543 2678 4
566 2623 598 2679 et
621 2619 639 2680 5
662 2616 703 2680 de
726 2637 785 2680 suo
808 2616 882 2682 loco
906 2617 1065 2700 motis,ut
1079 2616 1161 2680 illud
1178 2615 1327 2701 primum,
1352 2614 1415 2682 hoe

284 2719 430 2783 ultimum
452 2720 554 2801 fieret,
578 2719 665 2784 hunc
688 2719 791 2785 fuisse
809 2721 1086 2806 transpositorum
1099 2719 1254 2784 foliorum
1267 2717 1414 2781 ordinem

285 2829 316 2904 4,
341 2827 370 2904 l,
393 2825 424 2904 2,
447 2825 477 2904 3,
501 2827 532 2904 6,
555 2826 585 2905 l,
608 2828 638 2905 s,
661 2828 690 2905 5,
713 2826 743 2888 9.
789 2819 864 2904 Qua
892 2824 1020 2888 ratione
1042 2823 1141 2888 etiam
1165 2821 1199 2886 id
1221 2820 1415 2906 explicatur,

285 2926 373 3011 quod
395 2927 429 2990 in
452 2927 485 2992 V
508 2926 621 2992 codiee
648 2927 787 3013 primam
808 2935 841 2992 et
863 2927 1039 2992 secundam
1067 2926 1163 3013 primi
1197 2925 1271 2990 libri
1294 2924 1417 3010 epistu-

286 3032 335 3095 las
359 3054 424 3095 uon
447 3052 520 3096 esse
542 3030 699 3108 diximus3
722 3053 796 3094 nam
819 3030 879 3096 hae
902 3053 974 3095 eum
995 3030 1102 3116 prima
1124 3025 1417 3113 quattuor'arche·

287 3134 359 3220 typi
383 3133 463 3197 folia
484 3134 661 3220 explerent,
684 3133 751 3197 illis
774 3132 912 3218 perditis
935 3133 1104 3218 perierunt
1129 3132 1230 3218 ipsae.
1254 3168 1296 3180 -
1319 3129 1419 3194 Prae·

288 3246 376 3302 terea
396 3237 430 3300 in
454 3237 486 3302 V
510 3236 623 3302 codice
645 3237 680 3300 iu
703 3259 753 3322 ep.
771 3235 829 3301 ΙΙΙ
852 3237 871 3301 9
895 3245 973 3322 post
994 3236 1094 3301 verba
1117 3236 1303 3300 liberiorem
1316 3233 1418 3321 focis-

288 3355 335 3407 sct
357 3343 517 3407 iniuriam
540 3364 622 3427 quae
646 3350 823 3426 sequuntur
844 3363 947 3424 usque
969 3340 1011 3405 ad
1028 3339 1128 3406 verba
1142 3340 1345 3425 frapmentis
1359 3339 1418 3424 fu-

289 3447 490 3511 ¹iterabantur
523 3443 607 3529 (sec
641 3445 719 3532 quid
751 3446 824 3531 epo)
859 3444 981 3509 omissa
1014 3451 1100 3525 suut,
1128 3444 1205 3508 item
1227 3467 1278 3530 ep.
1302 3443 1354 3507 VI
1380 3444 1418 3506 1⁴2

290 3553 493 3636 quaerimonia
525 3561 629 3612 movet
661 3570 752 3634 saepe
786 3550 956 3632 (terseris)
979 3547 1081 3610 multo
1110 3547 1212 3610 maiar
1235 3545 1352 3631 incipit
1375 3545 1420 3608 la-

291 3679 384 3736 cuna,
407 3653 529 3739 quippe
551 3675 634 3737 quae
657 3651 698 3716 sd
722 3675 772 3738 ep.
797 3651 869 3717 VII
891 3655 909 3715 5
934 3654 987 3734 (ut
1010 3654 1119 3732 sacro)
1144 3661 1289 3714 sanctam
1316 3649 1420 3714 sedem

291 3757 493 3824 extendatur.
538 3756 631 3820 Haec
653 3777 766 3819 rursus
790 3761 865 3819 ceto
883 3754 1055 3840 archetypi
1074 3753 1164 3819 foliis
1181 3762 1274 3818 erant
1286 3753 1411 3838 scripta

292 3863 376 3926 Post
398 3884 449 3946 ep.
473 3860 545 3925 VII
568 3864 587 3925 5
610 3866 776 3945 ponuntur
799 3882 850 3945 ep.
875 3858 948 3923 VII
970 3859 988 3922 8
1012 3865 1046 3922 et
1067 3857 1140 3922 VII
1163 3860 1181 3920 9
1205 3896 1246 3906 -
1278 3857 1364 3922 sicut
1386 3856 1420 3920 in

292 3967 335 4047 A,
357 3965 412 4048 qui
436 3963 518 4028 ordo
546 3964 626 4028 mihi
649 3962 780 4048 quidem
813 3961 918 4048 magis
941 3960 1051 4046 placet
1072 3983 1168 4044 quam
1192 3960 1345 4046 vulgatus
1370 3999 1421 4040 -,

292 4092 375 4152 <luae
398 4076 473 4132 octo
497 4067 578 4131 folia
602 4066 785 4152 explebant,
810 4064 927 4130 deinde
951 4063 1083 4129 omissis
1107 4064 1259 4150 epistulis
1284 4067 1303 4128 6
1327 4071 1359 4128 et
1392 4066 1422 4146 t,

293 4171 381 4257 quod
404 4179 558 4255 quattuor
579 4170 733 4235 foliorum
756 4177 806 4234 est
818 4169 969 4255 spatium,
987 4191 1037 4254 ep.
1055 4171 1183 4247 ll,tum
1210 4169 1258 4248 10,
1282 4188 1420 4250 quarum

294 4287 429 4361 utraque
452 4273 548 4339 unius
582 4282 635 4339 est
666 4273 817 4360 paginae,
845 4280 1011 4358 postremo
1048 4273 1095 4352 19,
1129 4291 1211 4354 quae
1244 4291 1309 4333 uno
1341 4269 1423 4334 folio
