3186 4900
328 233 370 298 60

285 436 346 504 tus,
368 427 405 488 in
427 426 499 490 iure
522 423 628 490 alieno
647 431 788 512 positus,
814 428 1075 513 lequeedomum
1099 451 1168 494 cum
1189 434 1260 494 iure
1275 453 1330 496 suo
1349 453 1415 495 om-

283 529 330 611 ni,
351 531 403 593 ius
417 529 522 618 fundi
544 531 673 611 emitur,
695 533 732 595 in
754 534 806 595 ius
829 533 967 597 alterius
991 533 1166 614 succedere,
1179 534 1258 616 fisci
1284 535 1414 599 iuribus

282 633 417 718 inferre,
439 655 521 717 quae
543 632 674 717 quidem
697 634 807 700 omnia
829 657 867 699 ex
898 634 992 700 libris
1015 636 1071 721 qui
1100 619 1176 702 sunl
1198 635 1239 700 de
1261 637 1330 702 iura
1355 636 1413 702 ad-

284 737 440 802 feruntur.

382 1081 445 1168 Ep.
470 1082 528 1147 Ill
558 1083 576 1144 6
601 1083 704 1169 (249).
752 1081 807 1146 lta
841 1106 975 1172 namque
1000 1083 1149 1170 fascibus
1184 1087 1301 1148 nestris
1333 1107 1412 1170 yra-

282 1199 389 1251 tamur
424 1207 540 1267 omnes,
563 1198 598 1251 ut
622 1197 762 1251 erectam
784 1208 847 1272 per
869 1189 945 1252 illos
974 1211 1038 1250 non
1065 1190 1170 1273 mauis
1193 1199 1333 1252 uestram
1355 1189 1412 1253 do-

280 1314 375 1371 mum,
399 1313 493 1376 quom
517 1301 662 1355 nostram
684 1292 879 1372 ¹amicitiam
914 1313 1102 1356 censeamus.
1152 1288 1256 1355 Testis
1280 1304 1326 1355 ese
1353 1295 1411 1357 ille

281 1406 451 1475 tractatus,
473 1398 510 1460 in
543 1416 604 1479 quo
639 1394 876 1459 cohortationis
905 1416 992 1459 meae
1014 1417 1079 1458 non
1101 1396 1270 1460 minimum
1291 1398 1410 1460 inscita-

278 1511 386 1564 menta
409 1501 593 1574 uoluerunt·
622 1498 736 1584 quibus
764 1501 819 1564 oin
838 1501 993 1585 potuistis
1017 1497 1145 1580 adduci,
1167 1508 1203 1562 ut
1227 1502 1411 1588 praeficta·

279 1627 351 1667 rum
370 1602 597 1688 philosophiae
620 1604 894 1688 macenniacum
916 1625 971 1667 uos
996 1605 1195 1666 consectanei
1217 1601 1411 1669 vestriPlo-

279 1710 345 1772 tini
355 1706 559 1792 docmatibns
571 1705 774 1770 inhaerentes
791 1706 834 1771 ad
845 1706 1047 1792 profundum
1065 1707 1307 1792 intempestiuae
1323 1711 1411 1794 quie-

279 1814 321 1875 tis
344 1814 445 1876 otium
471 1809 717 1874 Platonicorum
733 1811 906 1895 palaestra
929 1813 1101 1896 rapuisset.
1148 1807 1246 1874 Cuim
1262 1810 1410 1897 discipli-

278 1934 337 1978 nae
362 1925 435 1978 tuneo
448 1914 527 2001 foce
551 1916 681 1978 astensi
715 1913 851 1978 liberam
882 1915 1127 2002 professionem,
1152 1937 1221 1978 cum
1242 1917 1291 1979 nil
1303 1914 1409 2001 femi-

279 2021 342 2083 liae
365 2017 577 2082 debuisses.
623 2015 733 2081 Porro
758 2029 864 2082 autem
885 2018 1030 2082 desidiae
1058 2019 1201 2083 viciniae·
1223 2019 1408 2104 putabatur

278 2132 473 2208 conlemptus
506 2124 563 2186 ille
585 2123 736 2200 militiae,
760 2121 802 2186 ad
825 2144 920 2208 quum
953 2123 1107 2188 iactitant
1130 2122 1228 2186 lividi
1250 2122 1408 2187 bonarum

273 2227 423 2312 partium
446 2227 535 2288 uiros
558 2247 621 2287 non
641 2246 733 2310 posse
750 2227 863 2311 potius
887 2246 983 2310 quam
1006 2227 1089 2290 nolle
1113 2228 1330 2290 conscendere.

379 2362 444 2428 tbi.
479 2355 660 2449 Complura
683 2362 867 2428 exscribere
891 2385 974 2449 opus
993 2370 1266 2448 essetquamquam
1284 2364 1324 2429 de
1341 2387 1407 2428 una

276 2466 421 2532 litterula
443 2472 565 2553 agetur.
601 2466 641 2529 ln
663 2465 696 2529 A
719 2465 804 2530 enim
826 2474 859 2531 et
881 2465 913 2531 U
937 2475 971 2530 et
995 2467 1092 2532 ZXY
1111 2466 1270 2554 scriptum
1293 2476 1345 2532 est
1357 2467 1406 2553 (in

277 2573 312 2637 H
329 2570 435 2658 prima
451 2592 547 2634 manu
559 2569 719 2652 additum)
732 2570 900 2653 debuisset,
913 2571 1073 2636 debuisses
1094 2571 1127 2635 in
1142 2571 1286 2636 HRVP
1299 2572 1405 2636 Paris.

278 2677 371 2740 2782.
417 2672 506 2738 Illud
533 2671 741 2738 Wouwerius
766 2670 892 2738 Savaro
917 2672 1112 2739 Sirmondus
1131 2675 1281 2762 Mignius
1302 2676 1405 2740 Bare-

278 2785 330 2842 tus
349 2777 510 2858 scribunt,
522 2778 585 2841 hoo
597 2776 860 2842 Elmenhorstius
880 2777 988 2860 habet,
1002 2775 1127 2843 Savaro
1147 2777 1180 2842 in
1193 2778 1406 2844 adnotatione

277 2880 430 2967 explicat.
464 2879 647 2965 Utrumque
669 2879 801 2945 defendi
819 2881 962 2946 lbrtasse
978 2881 1111 2967 poterit,
1128 2882 1288 2948 debuisses
1303 2881 1405 2946 multo

277 2984 386 3071 aptius
421 2983 462 3049 ad
486 2984 642 3071 familiae
674 2984 821 3065 refertur,
844 2992 880 3048 ut
913 2983 956 3068 id,
979 2985 1067 3069 quod
1094 2991 1168 3049 unte
1196 2985 1318 3049 dictum
1345 2993 1407 3066 est,

278 3103 417 3153 erectam
447 3111 508 3173 per
536 3090 615 3153 illos
643 3099 785 3152 uestram
813 3089 940 3152 domum
965 3086 1096 3153 Sidonii
1119 3111 1207 3152 more
1229 3094 1405 3175 repetatur.

278 3192 389 3256 Tertia
413 3213 554 3277 persona
577 3215 596 3255 a
617 3190 762 3256 librariis
787 3198 922 3276 propter
945 3193 1086 3256 vicinum
1110 3195 1272 3278 rapuisset
1296 3191 1407 3277 posita

278 3303 337 3360 est.
384 3292 554 3380 Singulari
588 3302 695 3360 autem
720 3317 852 3360 numero
876 3297 974 3381 paulo
998 3304 1076 3383 post
1100 3296 1202 3362 utitsrr
1231 3289 1406 3361 Sidonius:

278 3397 481 3464 celsitudinis
506 3408 612 3478 tuae,
637 3396 755 3462 deiude
778 3420 891 3462 rursus
914 3397 1050 3484 plurali:
1079 3410 1327 3475 vestrumst,
1351 3400 1407 3463 do-

276 3506 361 3566 mine
394 3504 512 3566 maior.
557 3498 708 3565 Gallicos
743 3501 938 3588 interpretes
968 3502 1093 3588 scripto
1123 3502 1284 3568 debuisset
1307 3502 1407 3566 miror

277 3606 377 3671 verba
400 3601 531 3669 Sidonii
554 3603 617 3670 hoo
640 3604 737 3669 modo
761 3604 915 3668 vertisse:
935 3604 992 3690 j'ai
1017 3607 1165 3690 toujours
1190 3612 1328 3672 soutonu
1344 3629 1406 3690 quo

277 3716 361 3774 astte
394 3707 540 3772 manibre
574 3707 614 3772 ds
643 3707 732 3773 vivre
762 3731 801 3771 ns
831 3707 934 3772 serait
956 3707 1131 3773 exousabls
1153 3731 1214 3793 que
1237 3708 1405 3795 lorsqu'on

277 3835 317 3876 ne
351 3811 478 3876 devrait
510 3812 585 3898 plus
620 3811 689 3876 rien
724 3816 743 3875 a
777 3834 815 3876 sa
848 3810 986 3890 famillc3
1013 3811 1126 3876 Bareti
1161 3812 1430 3878 adnotationem

279 3915 381 3980 multo
404 3915 500 3980 etiam
524 3916 629 4003 magis
653 3915 765 3998 miror,
777 3915 811 3980 in
824 3939 887 4000 qua
903 3914 982 3981 haee
999 3923 1089 3980 sunt:
1113 3916 1300 3998 ”debuisses,
1324 3939 1406 4001 quae

282 4021 396 4102 torma,
419 4020 482 4084 etsi
512 4019 610 4085 obvia
631 4019 748 4110 magia,
771 4042 836 4084 non
855 4018 928 4094 ideo
954 4015 1083 4090 Sidonii
1107 4019 1194 4115 stylo
1214 4020 1406 4090 sscaomosls-

280 4124 374 4188 ῐίοικη
