3172 4908
1211 298 1252 361 39

162 485 331 566 scribitur,
359 485 444 549 idem
472 486 505 548 in
534 485 562 550 F
590 485 730 548 additur.
778 485 826 548 Ex
851 484 956 548 Paris.
982 486 1067 549 2170
1091 507 1169 548 caca
1193 489 1296 549 recursi·

162 592 245 674 cipii
280 591 350 653 serie
386 611 581 674 compressus
604 587 711 651 adfert
732 587 882 667 BaretnS,
906 611 945 650 ex
969 587 1060 651 cuias
1085 586 1297 651 adnotatione

160 699 292 754 ceteras
315 714 442 775 quaque
466 690 704 755 Parisiensiuru
729 689 878 754 codicum
907 690 1065 754 lectiones
1096 690 1201 753 attuli.
1245 690 1298 755 Dc

161 796 317 860 Aruerno
352 795 528 880 municipio
564 795 690 880 cogitat
725 790 929 874 Sirmandus,
958 792 998 856 dc
1034 793 1143 856 vicino
1172 793 1296 878 oppido

159 896 287 960 dictum
311 919 384 960 esse
417 920 478 984 ego
510 897 661 982 suspicor
689 896 814 961 collat-0·
838 919 934 960 carrn.
960 897 1010 959 24.
1067 892 1167 976 Quod
1188 904 1294 960 atrurn

161 1001 359 1065 Amerinum
382 1024 422 1064 an
448 1004 655 1064 Camerinum
678 1000 798 1064 rectius
823 998 1052 1084 appellandum
1076 999 1130 1080 sit,
1148 1021 1219 1063 curn
1243 999 1298 1061 vix

108 1089 112 1100 ¹
161 1104 286 1185 conici,
311 1103 426 1168 nedum
449 1103 582 1189 probari
606 1103 724 1188 possit,
742 1102 889 1186 equidem
911 1101 1033 1165 maiore
1057 1100 1206 1165 codicum
1225 1122 1300 1164 anc-

161 1207 301 1271 toritate
323 1206 483 1292 impulsus
507 1207 629 1270 reiecto
655 1205 726 1286 hoc,
749 1203 837 1288 qnod
861 1203 901 1269 ab
919 1202 1100 1269 editoribus
1119 1212 1169 1268 est
1188 1226 1299 1288 recep-

161 1319 243 1391 turn,
268 1308 350 1374 illud
374 1307 581 1374 scribendum
606 1330 734 1372 consec.

270 1617 333 1702 up.
359 1617 437 1680 112
462 1618 564 1702 (210).
605 1615 790 1680 Sed-donec
813 1616 979 1679 donticitic
1005 1625 1181 1700 competens
1207 1620 1298 1678 cesti-

162 1720 235 1785 tuti
259 1743 388 1804 campus
412 1722 570 1804 aperitur,
588 1720 726 1783 mediam
749 1721 866 1783 coliem
884 1722 980 1782 rectis
1005 1719 1201 1783 tractibus
1221 1742 1300 1803 pro-

162 1836 343 1910 sequuntur
378 1825 483 1888 latera
517 1825 674 1887 clivorum
701 1843 797 1907 usque
820 1825 857 1886 in
879 1825 1060 1908 rnarpincm
1088 1824 1195 1896 atilae,
1221 1843 1298 1906 quare

163 1933 201 1990 in
224 1928 383 1991 borean
406 1926 624 2012 Austrumque
648 1929 809 1991 caricarsis
824 1926 995 2010 frontibus
1019 1925 1175 1990 tenditur.

273 2030 336 2096 itt.
386 2029 588 2095 Tramitibus
611 2053 671 2115 pro
692 2030 850 2094 tractibus
867 2030 900 2092 in
923 2029 953 2094 R
973 2029 1130 2113 scripturn
1143 2025 1300 2092 Wouwe·

164 2134 234 2197 rius
259 2135 399 2220 recepit3
424 2133 618 2198 tractatibus
639 2133 673 2196 in
686 2133 718 2197 V
730 2142 780 2197 cst
802 2141 834 2196 et
857 2132 920 2196 fait
939 2133 1080 2196 t'ortasse
1098 2131 1195 2196 etiarn
1212 2131 1245 2195 in
1259 2131 1298 2196 F.

273 2237 335 2301 itt.
381 2237 514 2301 Borean
537 2237 648 2301 nescio
674 2260 713 2299 an
739 2259 778 2300 ex
800 2235 922 2300 HVF
946 2234 1153 2301 scribendum
1177 2235 1235 2312 sit3
1266 2234 1299 2297 in

164 2341 198 2404 A
224 2339 310 2404 sicut
332 2341 365 2403 in
389 2339 589 2405 editionibus
613 2341 756 2404 Baream
780 2347 839 2403 est.

273 2647 335 2733 up.
360 2647 398 2710 II
421 2649 439 2709 9
465 2647 567 2732 (211).
613 2643 700 2709 Hinc
726 2645 919 2730 fripidaria
952 2645 1123 2723 dilatatur,
1150 2669 1228 2732 quae
1246 2651 1300 2732 pi·

109 2799 110 2804 1
166 2758 275 2816 scinas
303 2749 446 2834 publicis
481 2747 630 2833 operibus
665 2760 827 2810 estractus
862 2770 925 2810 non
958 2749 1160 2831 impudenter
1195 2773 1300 2814 ueniu-

168 2857 313 2932 iuratum·
342 2857 489 2937 primum
522 2856 599 2915 tecti
627 2854 716 2936 apice
738 2855 775 2914 in
798 2873 909 2915 conum
933 2855 1144 2934 cacuminato,
1169 2875 1238 2917 cum
1261 2854 1299 2918 ab

168 2959 300 3043 anpuiis
329 2955 571 3041 quadrifariam
599 2958 825 3019 concurrentia
854 2955 953 3018 dorsa
982 2957 1159 3019 cristarum
1183 2960 1300 3041 tecutis

167 3060 439 3126 interiacentibus
473 3058 738 3122 imbricarentur.
785 3059 879 3143 ipsa
912 3081 1003 3123 cero
1040 3063 1301 3124 conuenienti-

169 3167 238 3231 bus
271 3167 465 3228 mensuris
496 3165 755 3226 enectissima
777 3165 1042 3247 spatiositate
1066 3163 1301 3249 quadratur,

166 3276 220 3334 ita
241 3280 277 3332 ut
300 3268 559 3330 ministeriorum
587 3286 650 3330 sese
672 3288 737 3328 non
760 3267 952 3349 impediente
977 3267 1140 3354 famutatu
1163 3278 1210 3330 tot
1226 3291 1302 3352 pos-

170 3379 215 3438 sit
238 3374 380 3457 recipere
405 3373 498 3434 seties
523 3380 598 3456 quot
626 3371 725 3432 solet
753 3372 857 3454 sipma
876 3391 1042 3454 personas.
1088 3369 1261 3435 Fenestras
1285 3395 1300 3436 e

172 3477 304 3561 repione
329 3473 478 3537 conditor
502 3473 596 3536 binas
620 3472 754 3542 caninio
779 3493 922 3535 camerae
951 3474 1163 3558 pendentis
1192 3475 1302 3538 adma-

171 3584 230 3658 cit,
253 3591 288 3643 ut
312 3578 616 3661 suspicientium
638 3578 726 3639 uisui
739 3574 962 3662 fabrefactum
986 3579 1122 3640 incursui·
1147 3581 1301 3662 aperiret.

276 3681 339 3746 137.
384 3676 477 3760 Quae
499 3677 605 3762 prima
627 3676 745 3742 litteris
769 3678 865 3742 latius
890 3677 1062 3764 dispositis
1092 3687 1168 3742 sunt
1190 3702 1303 3743 exous·

174 3809 220 3866 sa,
244 3782 450 3869 in'plurimis
474 3779 643 3845 codicibus
674 3782 759 3846 sicut
786 3782 819 3844 in
853 3781 1153 3848 AHRVUXY
1186 3782 1301 3846 abesse

172 3888 339 3964 videntur,
358 3909 396 3949 ex
409 3884 529 3948 Nanzii
554 3883 667 3948 codice
683 3884 754 3948 solo
775 3881 910 3966 Savum,
923 3909 961 3949 ex
980 3886 1104 3972 optimo
1125 3908 1183 3949 suo
1197 3883 1302 3949 Wou-

173 3991 291 4057 uerius
315 4013 353 4053 ea
375 3987 483 4052 adfert
505 3996 537 4051 et
561 3989 809 4069 concinentibus,
833 4011 898 4052 non
925 3975 1192 4070 conuenientibus,
1215 3989 1302 4074 quod

174 4106 281 4159 tamen
314 4101 347 4156 et
380 4092 453 4176 ipse
483 4088 607 4155 Savaro
631 4090 734 4155 edidit
757 4101 790 4155 et
814 4090 1006 4156 Sirmondus
1030 4091 1179 4179 Mignius
1202 4092 1302 4158 Bare-
1372 4093 1374 4100 ’

175 4208 239 4280 tnS,
262 4198 421 4280 scriptum
444 4216 516 4258 esse
539 4194 660 4259 dicunt.
705 4195 838 4258 Manius
861 4218 900 4258 ex
923 4218 987 4258 uno
1012 4195 1037 4258 Z
1061 4195 1185 4278 codice,
1210 4197 1301 4261 cuius

152 4303 228 4384 ¹vin
253 4298 319 4369 ulla
341 4305 392 4367 est
414 4295 517 4363 solius
541 4297 822 4383 auctoritas,haec
845 4298 1024 4370 adnotavit.
1059 4299 1099 4370 In
1118 4299 1180 4369 hoc
1200 4301 1303 4393 serip-
