3172 4908
343 283 384 348 30

403 475 466 538 100.
510 473 593 539 Eue
617 487 662 556 nt,
684 477 772 566 quod
795 477 830 541 in
851 477 886 542 H
909 487 942 542 et
963 478 997 543 V
1019 479 1099 562 vidi,
1122 505 1189 545 non
1211 489 1298 546 reete
1322 484 1425 569 scrip-

300 583 411 638 serunt
433 572 558 640 Savaro
581 577 923 665 Elmenhorstiusque3
946 603 1013 646 eone
1037 583 1142 648 solum
1165 586 1272 648 estin
1295 585 1336 648 A.

402 921 465 1008 Ep.
491 922 508 986 I
530 925 549 988 9
573 924 677 1009 (199).
728 925 844 989 Videre
877 927 960 989 miti
991 927 1105 990 uideor
1137 939 1174 991 ut
1207 930 1328 1008 ridens,
1352 935 1427 1016 qnia

297 1028 457 1110 perspicio
478 1038 625 1090 nostram
649 1049 718 1091 cum
734 1028 836 1091 milite
860 1033 1004 1092 domiuo
1020 1031 1280 1113 ferocissimo
1304 1035 1428 1095 iactuu-

300 1131 382 1192 tiam
406 1129 518 1214 (paulo
543 1137 617 1194 ante
642 1152 676 1193 11
698 1129 845 1194 Plautini
858 1131 1138 1218 Pyrgopolynieis
1156 1133 1354 1198 imitatorem
1372 1159 1428 1220 up·

301 1231 506 1316 pellaverat).

404 1336 467 1399 101.
511 1335 605 1400 Haec
640 1360 659 1400 a
691 1336 835 1402 librariis
872 1359 938 1401 non
975 1337 1056 1401 sutis
1080 1337 1256 1420 intellecta,
1278 1339 1427 1422 quamvis

299 1437 390 1501 nullo
414 1447 531 1524 egeant
553 1438 781 1525 explicatione,
806 1447 961 1525 corrupta
984 1448 1070 1503 sunt.
1115 1441 1225 1524 Atque
1247 1442 1282 1504 in
1304 1442 1337 1505 A
1358 1443 1428 1526 qui-

300 1541 384 1607 111111ι
409 1563 511 1627 provo
546 1549 579 1605 et
611 1543 784 1606 manifesto
812 1542 929 1607 mendo
964 1550 999 1607 οῦ
1032 1545 1144 1606 mietio
1179 1545 1338 1630 seriptum
1365 1553 1425 1625 est,

301 1645 437 1709 alterurn
460 1659 568 1710 autern
592 1668 607 1708 u
629 1646 662 1708 in
684 1668 798 1710 rasura
821 1655 887 1724 est,
915 1646 954 1711 de
985 1648 1203 1710 commentitio
1228 1647 1427 1732 cogitavisse

299 1746 452 1812 librarius
475 1747 619 1826 videtur3
633 1750 841 1834 ferocissimo
865 1772 942 1812 vero
966 1758 1052 1814 reete
1076 1758 1240 1814 servatum
1263 1757 1323 1813 est.
1353 1746 1426 1830 Quo

300 1851 333 1913 in
357 1859 537 1914 ceterorum
572 1851 722 1916 codicum
756 1853 937 1939 archetypo
961 1862 1117 1937 corrupto
1141 1861 1197 1915 aut
1221 1853 1427 1938 ferocissime

301 1953 460 2038 scripturn
483 1961 544 2035 est,
567 1955 657 2018 utin
681 1953 1031 2022 HRZbFULaur.
1055 1953 1154 2019 XLV
1178 1954 1339 2038 nequod
1363 1977 1428 2019 non

301 2057 467 2142 aspernati
491 2065 568 2120 sunt
592 2053 717 2122 Savaro
741 2058 1082 2142 Elrnenhorstiusque,
1101 2066 1157 2122 ant
1179 2066 1331 2144 serpente
1358 2059 1428 2122 lon·

299 2161 374 2247 gius
398 2162 584 2247 corruptela
597 2164 725 2248 feronio
749 2166 852 2242 nimie,
874 2161 962 2246 quod
984 2163 1017 2226 in
1039 2161 1070 2225 L
1093 2163 1235 2246 repperi,
1260 2170 1315 2226 ant
1337 2184 1428 2226 acee-

301 2263 397 2328 dente
430 2286 516 2327 novo
550 2265 737 2330 festinantis
765 2265 892 2331 librarii
914 2263 1042 2348 ,mendo
1067 2268 1238 2350 ferocium,
1273 2264 1361 2349 quod
1394 2265 1427 2328 in

300 2366 333 2431 V
356 2375 407 2431 est
433 2367 542 2452 itaque
565 2369 766 2434 emendatur:
787 2373 836 2434 uei
845 2369 974 2454 secisse.
1008 2363 1097 2446 Quid
1120 2390 1229 2431 verurn
1252 2375 1341 2430 esset
1363 2367 1426 2430 iarn

299 2469 511 2535 Wouwerins
535 2471 628 2536 vidit.

403 2799 468 2886 Ep.
481 2799 499 2862 I
514 2800 553 2863 10
565 2799 670 2884 (199).
695 2797 761 2862 101.
809 2794 1032 2882 Campaniano
1050 2795 1130 2860 haec
1148 2795 1291 2881 epistula
1301 2795 1427 2881 scripta

300 2903 440 2983 videtur,
464 2923 528 2966 non
544 2900 733 2986 Campani03
746 2899 935 2985 illud,quod
958 2899 992 2963 in
1015 2898 1048 2963 V
1070 2906 1103 2962 et
1124 2897 1159 2984 R⁸
1178 2907 1211 2962 et
1232 2898 1252 2963 b
1276 2921 1337 2984 ego
1354 2921 1427 2985 rep-

302 3006 383 3092 peri,
408 3002 532 3070 Snvaro
566 3005 600 3068 in
633 3003 727 3068 libris
750 3002 921 3068 Fauohetii
950 3011 984 3066 et
1005 3001 1258 3088 Andegavensis
1282 2998 1425 3082 Orontii,

299 3107 511 3173 Wouwerius
534 3108 568 3170 in
591 3105 718 3171 duobus
741 3105 847 3186 libris,
872 3101 1066 3169 Sirmondus
1090 3105 1123 3168 in
1146 3105 1310 3169 veteribus
1334 3103 1427 3168 libris

299 3233 373 3276 esse
405 3211 499 3292 dixit,
533 3210 587 3273 hio
620 3209 672 3272 vir
706 3208 823 3273 doetus
853 3205 1001 3271 defendit
1023 3208 1211 3293 recepitque
1235 3205 1428 3270 Elmenhor-

301 3314 394 3378 stins.
443 3311 620 3400 Campania
644 3312 677 3374 in
702 3311 735 3374 A
759 3318 809 3374 est
831 3318 864 3374 et
885 3311 918 3373 in
941 3309 976 3373 H
1009 3309 1081 3392 fuit,
1105 3309 1161 3374 1111
1184 3309 1218 3372 in
1252 3308 1316 3374 hoe
1349 3316 1428 3394 post

300 3416 504 3482 emendatum
527 3423 587 3481 est.
623 3413 802 3500 Campania
824 3410 1037 3478 Wonwerins
1061 3420 1094 3476 et
1117 3408 1242 3476 Savaro
1267 3411 1426 3500 scribunt.

403 3763 467 3850 Ep.
491 3763 510 3827 1
535 3765 569 3825 ll
597 3759 703 3846 (201).
751 3760 889 3846 Cumque
916 3757 1056 3845 frunto
1090 3757 1222 3820 diuersa
1255 3758 1350 3842 quasi
1365 3776 1428 3840 per

300 3873 404 3933 ionum
426 3863 712 3952 diffunderent,
726 3865 865 3926 uoluitur
890 3858 1075 3926 Catullinus
1098 3861 1132 3922 in
1157 3862 1259 3923 risum
1276 3861 1430 3943 intempe-

301 3974 443 4056 stivoque
473 3969 630 4058 euffrapio
655 3970 795 4031 clamore
820 3967 922 4050 eoepit
950 3965 1083 4047 diqnum
1105 3983 1222 4047 poema
1250 3960 1334 4047 quod
1363 3981 1430 4046 pe·

301 4073 546 4138 rennundum
574 4073 679 4157 apici
687 4071 752 4136 buu
777 4069 905 4134 auratis
928 4070 1010 4131 iuste
1035 4066 1146 4130 tabula
1168 4067 1323 4129 rostratis
1346 4066 1430 4128 occi·

297 4189 392 4264 peret
414 4189 470 4241 out
498 4179 598 4239 etium
623 4172 822 4258 Capitolina.

404 4297 468 4362 113.
513 4296 656 4361 Frustra
678 4292 958 4372 fortassehabuit
984 4290 1027 4374 A,
1050 4289 1084 4354 id
1106 4312 1145 4352 ex
1169 4297 1238 4374 opt.
1263 4281 1303 4352 G.
1327 4289 1430 4371 (cum-
