3186 4900
321 260 362 325 88

381 448 449 513 idi.
495 447 597 513 Bene
622 472 687 513 non
711 449 858 514 dubitavi
882 473 920 513 ex
944 449 977 512 A
992 447 1122 530 addere,
1144 448 1292 532 quamvis
1316 448 1410 510 omit

278 559 366 614 tatur
382 551 415 614 in
432 551 466 615 H
478 550 546 617 tiz
560 553 589 618 V
605 550 646 616 U.
681 552 757 616 Hoo
780 552 923 633 verbani,
946 574 1010 637 quo
1035 573 1106 614 mea
1128 549 1258 634 quidem
1282 556 1410 614 senten·

278 653 325 718 tia
348 675 458 718 carere
481 677 547 718 non
574 677 760 741 possumne
795 651 989 719 Sirmondus
1016 654 1167 740 Mignius
1191 675 1256 717 non
1280 653 1411 734 habent,
1464 737 1468 744 ι

278 755 492 823 Wouwerius
512 754 637 823 Savaro
654 757 916 823 Elmenhorstius
941 765 1016 822 ante
1033 757 1249 843 Pragmatius
1272 763 1411 843 ponunt,

279 859 366 946 quod
384 861 418 924 in
441 860 469 925 P
493 860 608 927 codice
631 862 753 926 facturn
776 861 913 926 adnotat
934 861 1085 926 Baretus
1121 861 1198 926 Hoc
1214 861 1355 925 tortasse
1372 859 1412 923 li·

278 962 387 1027 brario
412 962 557 1045 debetur,
575 963 632 1030 sed
645 964 703 1028 illo
721 964 806 1046 loco,
824 986 889 1048 quo
910 966 985 1028 bene
1003 965 1036 1028 in
1049 965 1082 1028 A
1094 964 1239 1050 positum
1258 962 1409 1045 vidimus,

280 1065 410 1132 facilius
433 1092 453 1130 a
474 1067 619 1133 librariis
647 1067 777 1155 neglegi
805 1068 923 1153 potuit.
971 1064 1096 1132 Savaro
1125 1091 1190 1132 non
1214 1074 1301 1132 reete
1323 1090 1411 1131 eorn-

279 1177 376 1256 parat
398 1169 485 1247 Plin.
509 1193 559 1256 ep.
583 1170 635 1235 IV
660 1175 710 1252 15,
735 1173 749 1234 1
776 1173 805 1234 si
828 1171 908 1257 qnid
935 1173 1075 1249 omnino,
1101 1172 1158 1235 ltoc
1181 1181 1264 1234 certe
1287 1171 1410 1236 iudicio

271 1272 377 1359 facie,
401 1274 483 1359 quod
502 1275 655 1338 Asinium
678 1273 799 1361 Rufum
821 1276 1038 1358 sinanturiter
1060 1294 1144 1356 amo,
1166 1296 1358 1359 quamquam
1382 1274 1411 1339 is

279 1376 373 1440 locus
398 1372 537 1441 Sidonio
562 1377 641 1441 haec
664 1376 821 1442 scribenti
845 1377 1038 1442 obversatus
1062 1377 1199 1442 videtur.

383 1480 448 1545 311.
505 1479 550 1544 Bt
590 1481 717 1566 quidem
755 1503 867 1546 omnes
907 1481 1029 1546 habent
1067 1481 1245 1562 editiones,
1286 1481 1344 1546 sed
1378 1482 1412 1546 in

280 1585 312 1648 A
324 1583 358 1648 H
371 1584 404 1650 V
427 1585 587 1670 scripturn
614 1593 665 1650 est
693 1585 885 1672 equidem,
917 1585 1005 1669 quod
1034 1608 1107 1650 curn
1130 1584 1193 1649 hoe
1217 1584 1314 1650 modo
1337 1608 1411 1650 raro

281 1695 432 1773 ponatur,
456 1687 554 1753 facile
578 1711 597 1752 a
621 1687 763 1754 librariis
792 1689 955 1774 corrumpi
985 1689 1103 1774 potuit,
1124 1689 1317 1775 praesertim
1340 1711 1413 1754 curn

281 1790 315 1853 in
348 1790 443 1854 initio
478 1791 644 1875 sequentis
679 1790 840 1876 epistulae
868 1793 962 1877 (315)
990 1795 1125 1857 multane
1155 1804 1183 1857 te
1211 1815 1355 1858 annanias
1378 1805 1413 1856 et

283 1895 438 1981 quiideni
469 1897 597 1959 huiusce
626 1896 811 1960 dilectionis
839 1917 903 1958 non
931 1906 976 1958 eat
999 1917 1152 1962 erroneas
1175 1907 1232 1960 act
1246 1897 1413 1982 fortuitas

283 1998 412 2084 affectus
436 1998 626 2084 reperirent.
665 1998 719 2062 De
741 1998 885 2083 equidem
908 1998 958 2062 cfr
980 2023 1030 2085 ep.
1049 1999 1121 2064 VII
1146 2002 1164 2064 6
1189 2002 1284 2085 (377)
1308 2006 1413 2087 equi-

283 2101 365 2192 dem
393 2124 462 2166 cam
491 2103 625 2167 clericas
649 2104 779 2188 quisque
803 2102 993 2189 defnnpitar
1016 2110 1049 2166 et
1070 2127 1100 2186 q.
1125 2125 1161 2182 s,
1186 2103 1240 2168 ubi
1264 2103 1355 2167 nulla
1376 2104 1415 2167 fit

283 2204 407 2289 primae
429 2226 591 2291 personae
613 2205 746 2269 mentio.

385 2514 449 2600 Ep.
473 2514 506 2580 V
530 2513 569 2578 14
592 2515 695 2601 (330).
743 2514 923 2578 Galeases
951 2535 1035 2579 nnnc
1058 2526 1087 2578 te
1110 2513 1213 2578 Baiae
1237 2526 1268 2578 et
1290 2515 1415 2580 scabris

284 2619 484 2682 cavernatim
506 2629 636 2682 ructata
653 2618 840 2704 pumicibus
863 2641 948 2706 aqua
964 2619 1129 2702 sulphuris
1147 2630 1241 2706 atqce
1259 2622 1414 2684 iecorosis

284 2742 320 2785 ac
335 2721 630 2806 phthisiscentibus
665 2723 831 2808 taapaidis
871 2723 1075 2788 medicabilis
1099 2724 1233 2808 piscina
1256 2724 1415 2788 delectat:

284 2848 325 2888 an
339 2824 487 2912 sortasse
509 2837 694 2890 montana
717 2827 821 2891 sedeo
846 2829 967 2891 circaea
990 2827 1132 2906 castella,
1156 2838 1185 2890 et
1208 2829 1243 2890 in
1266 2828 1414 2912 eliyenda

284 2928 354 2992 sede
371 2929 525 3016 perfecie*
541 2930 703 3016 quandam
713 2933 843 3016 pateris
862 2951 899 2994 en
915 2932 1131 2994 munitionum
1138 2931 1330 3018 frequentia
1348 2931 1414 3019 dif-

276 3031 477 3114 siccitatem?

385 3134 450 3199 3⁰8.
497 3132 643 3200 Celeriter
665 3137 780 3214 Baiae,
804 3135 892 3219 quod
915 3132 1040 3200 Savaro
1063 3137 1326 3203 Elmenhorstius
1350 3138 1414 3204 Be·

283 3245 372 3301 retus
401 3237 558 3318 scribunt,
593 3235 717 3302 Savaro
752 3246 847 3324 putat
874 3261 960 3303 nunc
983 3239 1142 3324 appellari
1166 3234 1321 3305 Chaudes
1343 3242 1414 3306 Au-⁴

283 3362 376 3426 gaes,
399 3341 451 3404 oui
475 3341 655 3405 sententiae
689 3342 867 3405 assentitur
894 3341 928 3405 in
950 3341 1160 3407 adnotatione
1184 3366 1244 3408 sua
1267 3341 1413 3409 Sirmon·

284 3442 355 3508 dus.
379 3444 419 3507 In
431 3443 570 3530 gallicae
587 3443 867 3529 interpretationis
886 3443 970 3508 libro
983 3444 1037 3530 (H
1048 3469 1124 3532 pag.
1138 3447 1177 3511 87
1191 3449 1275 3532 seq.)
1288 3446 1329 3511 de
1347 3447 1414 3511 alio
1446 3477 1449 3483 ·

284 3547 424 3632 quodam
446 3545 520 3611 loco
543 3546 608 3610 late
632 3545 827 3632 disputatur.
865 3547 952 3612 Mihi
974 3571 1040 3612 non
1064 3548 1173 3634 placet
1196 3549 1275 3614 haec
1298 3551 1413 3614 verbo-

284 3674 355 3715 rum
373 3651 574 3732 coniunctio,
597 3674 669 3715 cunr
686 3651 720 3714 in
731 3653 836 3717 Baiae
854 3651 962 3716 inesse
975 3656 1112 3717 aetantes
1132 3653 1290 3735 videatur,
1303 3677 1414 3738 quam·

284 3779 381 3840 quarn
403 3755 513 3840 potnit
536 3777 613 3820 sane
637 3752 794 3819 Sidonius
816 3755 864 3819 ita
887 3755 1038 3820 seribere.
1073 3756 1125 3820 Ex
1142 3756 1313 3821 codicibus
1332 3757 1412 3822 haec

286 3857 464 3922 adferenda
491 3866 575 3922 sunt.
621 3859 661 3922 Iu
683 3860 716 3923 A
739 3859 897 3944 scriptum
920 3867 971 3924 est
994 3854 1148 3925 Gaienses
1170 3859 1281 3924 littera
1301 3865 1316 3924 i
1338 3883 1377 3924 ex
1401 3865 1412 3926 1

286 3962 427 4026 tortasse
451 3969 608 4043 correcta,
633 3964 786 4031 Gaienses
810 3962 989 4028 exViotor.
1006 3964 1043 4044 ,1,
1066 3962 1152 4028 idem
1175 3986 1213 4027 ex
1236 3963 1321 4028 libro
1344 3965 1411 4029 Da-

285 4064 379 4130 nielis
403 4065 540 4129 adnotat
564 4064 787 4145 Wouwerius3
813 4064 960 4130 Cnienses
983 4067 1017 4129 in
1039 4066 1073 4130 H
1085 4066 1112 4129 Z
1124 4066 1156 4132 V
1180 4075 1240 4149 est,
1268 4067 1353 4132 idern
1376 4070 1410 4133 in

284 4169 379 4234 libris
403 4161 680 4251 Olaromontensi,
705 4163 1083 4250 Cluniaeensi,0uiaoii,
1107 4169 1228 4234 Iuliani
1244 4171 1410 4255 Durantii‚

284 4272 424 4355 Petavii‚
458 4272 607 4355 Puteani,
641 4272 772 4337 Pithoei
813 4296 885 4338 esse
920 4270 1045 4337 Savaro
1079 4273 1178 4356 dicit,
1214 4270 1409 4341 Sirmondus
