3186 4900
1223 277 1261 339 91

176 463 281 544 ditur3
316 488 417 549 neque
452 465 673 530 necessarium
702 472 763 546 est,
792 464 849 529 sed
878 463 1097 529 desideratum
1121 490 1140 529 a
1163 452 1307 530 librariis

174 567 304 633 videtur
328 565 500 633 Sidonium
523 569 699 650 abstracte,
723 576 759 632 ul
781 569 881 650 aiunl,
901 589 999 654 saepe
1022 567 1112 653 loqui
1130 592 1196 633 non
1214 592 1307 655 repu-

174 672 331 737 tantibus·
365 671 452 737 Nam
466 674 703 760 futiqationem
724 676 907 760 qrctuitcm
930 671 1015 737 dixit
1031 671 1070 738 de
1089 676 1238 760 ι77777777
1256 695 1308 738 ne-

173 778 299 860 ι7777777
321 776 578 861 suscipientibus.

278 878 342 942 315.
387 879 427 942 Iu
451 878 661 962 sequentibus
685 884 773 942 recte
797 873 992 944 Sirmondus
1012 880 1100 957 fusci
1123 903 1201 958 cum,
1219 881 1307 965 quod

175 988 227 1044 est
249 981 282 1043 in
301 980 333 1045 V
351 981 545 1067 (ferricum)
566 979 645 1045 UN
665 980 772 1044 Paris
797 980 891 1063 2783,
920 983 1015 1063 3477,
1041 983 1155 1064 14490,
1172 984 1306 1070 recepit,

165 1087 313 1172 fascium
336 1084 459 1166 reiecit,
482 1083 570 1168 quod
592 1084 626 1147 in
643 1083 732 1165 AH,
755 1083 788 1148 in
811 1106 875 1168 quo
898 1091 1007 1174 tumen
1031 1093 1105 1150 aule
1127 1109 1181 1150 um
1198 1085 1307 1152 littera

175 1185 305 1251 videtur
327 1209 431 1270 erasa,
454 1187 562 1252 RZP
586 1188 692 1252 Puris.
719 1189 802 1250 ‘2782
826 1194 859 1252 el
881 1191 959 1253 9551
988 1189 1228 1276 scriptumest.
1261 1191 1308 1255 Et

165 1292 274 1375 fuscis
297 1297 330 1354 el
352 1291 583 1379 superfundere
612 1290 919 1356 iurisconsultorum
943 1300 1020 1356 stunt
1043 1293 1141 1358 verba
1165 1318 1229 1359 nou
1253 1294 1308 1359 ad·

175 1392 308 1458 modum
331 1417 415 1458 rura.

281 1703 343 1789 up.
367 1703 398 1769 V
423 1705 460 1767 21
493 1703 594 1790 (313).
647 1702 742 1770 Nunc
775 1728 830 1769 uos
857 1710 995 1792 parenti
1027 1710 1144 1772 venitis
1178 1708 1308 1775 77777777

177 1829 272 1894 quam
293 1809 365 1871 iure
390 1819 456 1870 tum
478 1809 605 1870 merito.
650 1807 745 1872 Ilicet
770 1831 826 1892 eqo
845 1819 960 1894 poetae
977 1812 1150 1895 promimus
1166 1813 1213 1894 fio
1226 1835 1308 1897 pro-

168 1911 325 1998 fessione,
352 1931 407 1975 uos
431 1913 559 1974 77777777.
605 1911 699 1997 Erqo
727 1913 941 1976 iustissimum
964 1926 1010 1977 777
1032 1925 1068 1977 777
1091 1915 1153 1978 die
1167 1917 1307 2002 sarecto

178 2015 225 2078 sic
247 2017 377 2100 quisque
400 2025 546 2078 nostrum
568 2015 772 2080 7777777777
794 2018 954 2101 innqitur.
993 2015 1130 2104 Ideoque
1147 2022 1309 2103 patrimo-

178 2120 233 2182 ria
257 2129 367 2198 tenete,
390 2119 464 2182 dcte
489 2121 646 2183 carmina.

281 2221 346 2286 310.
389 2223 452 2290 Die
478 2223 596 2308 functo
632 2246 671 2286 ex
699 2221 732 2286 A
760 2222 967 2289 scribendum
1000 2233 1060 2308 est,
1089 2225 1121 2289 in
1150 2225 1308 2293 HRZV

180 2332 334 2410 corrupta
362 2349 438 2395 ‚vers
466 2325 606 2390 lectione
629 2325 787 2412 scriptum
810 2334 861 2391 est
882 2329 934 2392 die
950 2329 1060 2411 finito,
1084 2329 1198 2394 sedin
1221 2331 1255 2396 H
1278 2339 1311 2395 el

179 2428 210 2493 R
232 2435 274 2509 et,
301 2435 456 2512 quantum
484 2427 595 2492 videre
623 2429 728 2514 potui,
756 2430 789 2493 in
812 2430 845 2495 V
867 2431 983 2516 primis
1006 2431 1155 2496 munibus
1180 2432 1310 2498 additur

179 2534 230 2596 777
243 2533 371 2618 functo.
400 2532 523 2597 Verum
540 2539 673 2596 servunt
688 2531 835 2618 plerique
853 2532 1024 2616 editorum,
1041 2535 1189 2622 defuncto
1205 2533 1310 2600 Wou-

182 2634 299 2699 werius
323 2642 355 2699 et
377 2634 641 2700 Elmcnhorslius
666 2634 796 2700 hubent.

642 2855 845 2863 ——-—

284 3046 347 3132 Ep.
371 3046 423 3111 VI
449 3050 460 3110 l
490 3047 593 3132 (343).
639 3044 704 3111 Sed
734 3067 803 3128 ora,
832 3059 868 3113 77
896 3050 1083 3136 quaudoque
1113 3056 1311 3138 resipiscam,

182 3161 336 3237 quantum
357 3171 443 3214 77777
466 3151 630 3236 deprimet
648 3155 755 3216 oneris
771 3153 920 3238 impositi
935 3175 1041 3218 mussa
1058 3158 1194 3220 77777777
1202 3159 1310 3243 suci-

182 3276 317 3319 norum
340 3257 650 3320 continuatione.
697 3255 821 3320 Miser
845 3279 879 3320 eo
903 3261 1104 3324 necessitatis
1127 3264 1255 3345 accessi,
1276 3275 1313 3328 ut

182 3361 212 3423 is
228 3379 294 3444 pro
307 3369 437 3443 peccato
458 3361 573 3445 populi
595 3382 678 3424 ncnc
702 3382 798 3424 orare
818 3364 1002 3448 compellar,
1015 3386 1080 3449 pro
1099 3386 1158 3452 qno
1173 3348 1311 3453 populns

182 3466 386 3528 innocentum
408 3466 465 3527 777
487 3465 577 3529 debet
599 3469 778 3552 impetrare
796 3470 825 3530 77
841 3469 1009 3554 supplicet.
1045 3468 1219 3555 Numquis
1238 3471 1312 3536 bene

183 3567 338 3632 medelum
361 3589 457 3653 aeqer
479 3570 702 3652 impertiat,
726 3574 796 3655 quis
810 3571 960 3658 febriens
984 3576 1203 3658 arrepunti
1225 3587 1313 3638 77777

181 3672 310 3757 pulsum
342 3672 527 3754 distinqnut
562 3673 751 3755 incolumen,
785 3679 855 3759 quis
889 3675 1035 3740 desertor
1066 3679 1235 3740 scientiam
1262 3682 1314 3743 777

184 3775 344 3840 militaris
372 3776 445 3840 iure
469 3775 664 3855 laudaverit,
689 3781 759 3862 quis
783 3780 957 3842 7777777777
981 3779 1170 3844 abstemium
1194 3802 1313 3866 compe-

185 3890 290 3944 tenter
313 3879 482 3964 arqueritl
511 3881 763 3965 Iudiqnissimus
786 3884 974 3946 mortalium
998 3903 1118 3949 7777777
1142 3883 1241 3949 liabeo
1264 3887 1313 3950 di-

186 4005 255 4048 cere
279 3983 362 4069 qnod
376 3983 489 4062 facere
516 3985 658 4049 detrecto
682 3996 712 4048 77
736 3985 778 4049 ad
800 4007 870 4049 mea
892 3987 960 4072 ipse
983 3987 1082 4051 77777
1105 3989 1313 4072 damnabilis,

187 4110 256 4153 cum
279 4091 433 4173 imperem
460 4111 539 4173 quae
567 4111 630 4152 non
659 4089 785 4176 impleo,
813 4091 912 4154 idem
936 4093 977 4154 in
999 4113 1052 4156 me
1076 4094 1193 4158 cotidie
1217 4115 1314 4181 eoqor

187 4191 314 4256 dictare
348 4195 548 4256 senteutiam.
594 4191 659 4258 Sed
692 4195 722 4258 si
749 4204 783 4258 tu
810 4196 897 4258 inter
921 4217 967 4258 me
990 4207 1020 4259 et
1043 4198 1145 4280 777777,
1168 4201 1220 4262 777
1242 4219 1315 4263 coa-

188 4296 398 4384 crucifiqeris,
413 4295 433 4361 I
436 4319 538 4362 esum
563 4295 764 4363 Christum
787 4298 981 4364 dominum
1003 4312 1150 4366 nostram
1168 4326 1232 4390 pro
1250 4325 1313 4367 soe·
1427 4290 1431 4296 ⁵
