3186 4900
306 274 348 337 78

365 461 430 548 up.
454 461 506 528 IV
534 465 570 529 18
594 465 698 552 (273).
746 464 792 529 Et
813 488 897 532 aare
918 470 1002 553 ipse
1024 471 1071 533 sio
1092 469 1204 533 multis
1227 469 1392 550 contrasi-

264 564 335 628 dem
357 566 468 630 diebos
486 568 681 634 otiabundus
705 573 754 634 ais
778 570 841 634 tibi
862 573 892 634 si
914 593 991 657 qaas
1011 583 1125 658 postea
1144 573 1276 636 luserim
1292 583 1394 636 metro

263 690 366 755 sapas
388 671 479 733 mitti
502 683 661 755 oportere.

366 772 433 838 tro.
477 771 561 860 Ipse,
594 774 683 858 quod
716 781 767 839 est
794 774 829 838 in
851 774 1020 841 AHVN
1034 775 1072 857 P,
1106 777 1313 843 scribendum
1335 785 1395 858 est,

263 874 373 958 itaque
397 876 533 961 scripsit
553 874 781 955 Wouwerius3
810 877 886 944 hnic
914 880 1100 964 pronomini
1124 888 1236 945 tacut
1259 888 1396 970 postpo-

265 975 374 1058 situm,
396 986 433 1042 ut
455 987 506 1043 est
528 980 562 1042 in
584 979 628 1060 R,
651 989 707 1044 aut
729 981 949 1066 antepositum
973 983 1073 1047 ceteri
1096 982 1239 1048 editores
1263 983 1394 1047 addunt.

369 1076 495 1145 Similis
532 1081 600 1146 fere
638 1081 731 1146 locus
766 1091 817 1146 est
853 1106 904 1170 ep.
938 1084 991 1149 IV
1026 1085 1066 1147 22
1100 1086 1194 1171 (307)
1227 1087 1322 1173 idque
1355 1085 1395 1149 ab

265 1185 407 1269 eaemplo
441 1206 524 1252 aare
549 1207 598 1250 me
625 1187 739 1250 melios
762 1188 954 1273 apprederis
977 1191 1055 1276 qaia
1078 1199 1109 1253 et
1131 1209 1198 1274 epo
1221 1189 1337 1254 Plinio
1359 1200 1395 1254 at

265 1285 444 1370 discipulas
473 1309 619 1374 assarpo,
643 1302 673 1355 et
696 1301 731 1354 tn
753 1301 875 1354 vetusto
898 1313 1014 1377 periere
1036 1293 1201 1357 narrandi
1221 1296 1293 1356 iare
1319 1292 1397 1356 (J'or-

265 1390 387 1454 aeliam
420 1395 596 1474 antevertis,
625 1391 681 1458 ubi
709 1392 831 1458 collato
861 1393 1041 1478 hecquem
1063 1395 1161 1460 modo
1184 1395 1397 1459 tractavimus

266 1493 340 1557 loco
368 1495 480 1560 nescio
510 1519 550 1560 an
573 1497 625 1562 vel
647 1498 744 1562 unius
767 1499 800 1562 A
822 1497 948 1562 codicis
977 1499 1172 1563 auctoritate
1197 1499 1312 1564 confisi
1336 1521 1396 1584 pro

266 1618 322 1682 epo
346 1619 468 1682 ponere
491 1601 576 1684 ipse
598 1599 781 1664 debeamus.

370 1907 433 1992 Ep.
457 1906 510 1972 IV
535 1909 573 1972 18
598 1908 703 1994 (274).
747 1907 927 1971 Basilicam
961 1911 1066 1971 saneti
1091 1909 1255 1991 pontificis
1279 1910 1398 1990 coufes-

267 2015 411 2098 sorisqae
448 2014 590 2076 Martini
630 2011 809 2097 Perpetuus
848 2015 1022 2095 episeopus,
1061 2012 1272 2097 dicatissimus
1306 2023 1397 2075 tanto

263 2117 509 2200 praedecessore
543 2136 713 2191 successor,
742 2116 877 2178 maltam
893 2117 964 2198 pri
971 2134 1035 2177 ore
1059 2135 1137 2201 qaae
1150 2117 1224 2202 fait
1247 2115 1398 2180 bactensis

268 2223 469 2303 capaciorem
492 2219 635 2281 novavit.
670 2217 826 2304 Mapacm
849 2229 904 2296 est,
927 2230 962 2282 at
977 2220 1106 2305 ferant,
1130 2238 1208 2302 opas
1230 2222 1399 2282 aomiaaa-

268 2323 412 2410 dumque,
436 2323 519 2410 qaod
541 2326 577 2386 ia
601 2323 752 2386 bonorem
776 2324 854 2386 talis
876 2325 946 2384 oiri
957 2323 1089 2407 factum
1112 2325 1190 2387 talis
1211 2326 1265 2386 air
1279 2324 1398 2407 fecisse

267 2426 423 2490 debuerit.
465 2423 570 2490 Huius
593 2447 640 2489 me
661 2425 842 2511 parietibus
864 2425 1044 2490 inscribere
1066 2426 1273 2510 supradictas
1296 2447 1401 2490 saeer-

267 2531 324 2594 dos
359 2530 417 2592 boc
444 2533 688 2614 epipramma
718 2531 944 2614 compellit,
969 2528 1053 2613 qaod
1079 2531 1271 2606 recensebis3
1293 2541 1329 2592 ct
1353 2541 1399 2594 est

269 2638 305 2698 ia
329 2634 379 2697 bis
402 2655 611 2721 qaaecumque
635 2636 776 2720 deposcit
796 2637 977 2720 pricilepio
1002 2636 1155 2698 caritatis
1171 2637 1400 2720 imperiosissi-

265 2761 345 2802 mas.
391 2736 496 2823 Atqae
518 2740 646 2801 utinam
668 2739 762 2801 molis
786 2739 903 2802 illias
920 2757 1074 2822 pompam
1098 2740 1163 2800 sice
1186 2737 1329 2801 donaria
1349 2740 1399 2801 nil

267 2842 361 2904 baias
384 2840 529 2926 obsequii
551 2851 660 2924 turpet
682 2839 812 2904 oblatio.

369 2944 436 3008 777.
486 2945 615 3024 Priore,
640 2942 727 3026 quod
751 2950 802 3006 est
824 2942 858 3005 in
880 2963 946 3006 uno
969 2942 1002 3006 A
1025 2941 1149 3022 codice,
1172 2965 1221 3008 me
1239 2963 1305 3005 non
1322 2963 1398 3026 pae-

266 3050 349 3113 nitet
366 3055 549 3114 ceterorum
567 3047 717 3112 codicum
734 3046 941 3130 omniumque
959 3045 1138 3129 editionum
1151 3044 1270 3109 lectoni
1285 3048 1399 3132 priori

267 3151 506 3237 anteposuisse,
535 3172 727 3234 quamquam
751 3172 801 3234 ep.
825 3149 877 3214 VI
902 3155 916 3216 1
942 3149 1037 3236 (347)
1060 3170 1117 3212 nec
1139 3149 1176 3214 de
1199 3151 1398 3232 inferiore

266 3255 445 3320 Ierusalem
467 3254 502 3317 in
518 3251 631 3316 AHV
649 3259 700 3315 est
722 3254 880 3340 inferiori
886 3277 895 3328 ς
918 3251 980 3316 hoc
999 3274 1076 3317 vero
1097 3251 1171 3316 loco
1190 3251 1230 3316 ab
1248 3251 1397 3316 omnibus

266 3364 404 3442 excepto
426 3354 558 3441 Mignio
581 3356 739 3442 inferiore
762 3353 879 3419 editur.

368 3459 435 3523 tlt.
479 3457 698 3544 Epicramma
721 3458 881 3542 compellit
899 3478 938 3520 ex
956 3458 989 3521 A
1007 3465 1039 3522 et
1052 3457 1083 3523 V
1097 3457 1228 3543 scripsi,
1245 3458 1279 3520 in
1297 3457 1330 3522 H
1347 3467 1399 3522 est

267 3565 430 3649 compellit
461 3561 519 3625 loc
541 3565 637 3648 (quae
665 3560 764 3625 verbs
791 3560 1037 3646 transponenda
1060 3582 1132 3624 esse
1155 3560 1242 3625 binis
1265 3561 1397 3646 punctis

266 3665 431 3754 appositis
455 3664 696 3751 significantur)
719 3667 930 3749 epipramma.
980 3659 1105 3727 Savaro
1133 3662 1397 3728 Elmenhorstius

265 3771 416 3857 Mignius
446 3767 560 3833 eodem
588 3775 684 3850 atque
708 3789 769 3853 ego
792 3767 907 3831 ordine
936 3767 1016 3831 haec
1038 3764 1138 3829 verba
1160 3772 1297 3850 ponunt,
1319 3765 1397 3830 item

266 3871 489 3952 Wouwerius,
511 3870 567 3955 qui
590 3877 699 3936 tamen
723 3873 875 3954 compulit
899 3869 1031 3947 scribit3
1056 3871 1216 3953 compellit
1235 3870 1397 3953 epipram·

266 4001 318 4042 ma
342 3972 537 4040 Sirmondus
560 3973 764 4057 Baretusque
787 3971 896 4036 edunt.

367 4080 432 4144 trs.
479 4077 545 4142 Pro
568 4079 660 4143 illias
682 4077 779 4142 velim
806 4099 846 4141 ex
868 4076 911 4157 A,
934 4074 1081 4159 quumvis
1106 4073 1189 4155 solo,
1213 4072 1313 4138 scribi
1335 4076 1396 4158 ip-

265 4186 356 4250 sins.
402 4184 520 4267 Inepte
542 4181 627 4248 euim
652 4181 812 4246 hocloco
836 4181 927 4244 illius
949 4186 981 4241 et
1004 4179 1097 4243 lenias
1120 4182 1342 4262 opponuntur.
