3172 4908
1196 225 1236 290 25

162 415 210 476 fut
240 412 550 477 malheureusement
588 421 662 499 trop
697 411 831 476 certain.
888 409 993 493 Quam
1027 421 1063 476 ut
1094 412 1279 499 probemus,

161 517 247 580 ualde
270 519 416 602 aequiter
440 517 523 602 quod
552 538 611 600 pro
640 517 722 580 male
751 537 781 578 sa
811 515 947 578 iubebat
974 514 1097 580 dietum
1129 523 1279 602 putemus

161 640 289 682 neeesse
321 626 381 683 est.
426 618 511 682 Mihi
548 625 580 682 et
609 617 671 682 hoo
709 617 743 682 in
777 625 916 682 mentem
950 617 1053 682 venit:
1087 640 1281 703 quamquam

160 721 344 806 turpissime
374 721 436 785 sibi
465 728 620 785 constans
649 721 683 784 in
711 719 895 786 confitendo
925 720 1164 806 perseverabat,
1187 728 1220 784 et
1243 719 1281 783 il·

146 823 226 888 lud:
264 846 456 908 quamquam
492 823 553 888 lroo
588 846 699 887 verum
738 846 810 888 esse
844 823 933 887 nullo
967 823 1063 888 modo
1098 823 1281 904 constabat,

159 926 242 1010 [laod
266 927 433 1013 Fertigius
457 949 584 1011 quoque
609 925 695 1010 (libr.
721 949 834 990 eornm.
860 949 934 1012 pag.
956 927 1009 1011 lt)
1033 927 1080 990 sio
1104 926 1281 1012 expressits

160 1029 287 1094 obwolrl
312 1053 347 1094 es
370 1029 457 1094 nooh
478 1053 538 1116 gar
560 1029 653 1093 nieht
676 1051 712 1094 so
736 1029 893 1094 erwieseu
916 1053 993 1094 war.
1040 1028 1210 1095 Tertia-
1226 1053 1280 1093 va·

159 1131 222 1196 rios
256 1134 343 1196 enim
377 1132 562 1218 explicandi
592 1139 729 1196 conatus
759 1133 791 1195 iu
816 1154 849 1196 re
872 1131 1068 1196 difficillima
1091 1131 1203 1197 licebit
1226 1132 1281 1196 ad-

158 1236 239 1300 ferre
263 1275 304 1284 —
328 1236 407 1300 liaeo
430 1235 493 1298 erit
516 1234 578 1316 via,
601 1257 707 1319 quam,
731 1257 804 1300 oum
826 1235 859 1298 in
884 1235 916 1300 V
931 1245 964 1299 et
980 1235 1055 1298 inZ
1080 1243 1158 1322 post
1173 1238 1283 1322 aequi-

159 1349 204 1401 ter
227 1339 469 1425 interpunotum
492 1360 575 1419 esse,
597 1338 631 1401 in
659 1338 692 1401 A
717 1337 861 1402 ultimam
884 1351 1045 1402 constaret
1064 1339 1153 1404 verbi
1183 1339 1282 1426 sylla·

157 1442 228 1508 bam
259 1443 294 1506 in
317 1465 431 1534 rasura
454 1442 611 1527 scriptam
634 1440 843 1526 reppererim,
867 1442 1035 1528 ingressus
1066 1465 1151 1508 sum:
1175 1467 1283 1530 qaum-

157 1569 249 1631 qaam
272 1547 365 1610 ualde
388 1543 638 1632 aequitea·(quia
652 1542 793 1607 nondum
816 1565 882 1607 rem
906 1545 1101 1610 testimoniis
1125 1546 1284 1630 probave-

157 1651 252 1734 rant),
278 1661 458 1713 constare
483 1649 565 1734 qaod
587 1650 655 1733 epse
679 1647 841 1712 dictasset.

258 1753 316 1816 tt:
348 1751 407 1816 Bis
432 1764 540 1836 terque
568 1761 787 1836 quaterque
816 1749 1036 1814 additamento
1060 1750 1190 1816 minime
1213 1752 1284 1838 pul·

156 1854 232 1918 elrro
265 1854 409 1920 admixto
432 1853 643 1918 Wouwerius
667 1853 812 1939 scripsit.

260 1959 305 2024 ll.
349 1961 450 2024 Reum
483 1981 513 2023 se
541 1962 723 2022 maiestatis
754 1960 857 2021 laesae
882 1958 1079 2040 confitentem
1103 1963 1207 2024 teneri
1229 1959 1285 2023 lra-

157 2060 233 2126 bent
269 2063 301 2126 Α
332 2062 576 2148 (superscripto
611 2062 668 2146 sa),
703 2061 809 2126 HbZ
834 2061 881 2147 (se
905 2061 1045 2146 omisso)
1078 2062 1166 2140 FY3
1195 2086 1286 2126 ream

158 2170 262 2230 laesae
297 2169 479 2231 maiestatis
518 2163 691 2245 RVUL,
726 2164 811 2228 idem
843 2162 1055 2228 Wouwerius
1091 2161 1284 2231 Sirmomlus

133 2269 307 2357 ,Mignius
330 2269 481 2333 Baretus
527 2266 658 2332 Senon
693 2289 767 2331 raro
792 2266 855 2332 hoe
877 2266 974 2330 modo
1003 2252 1091 2353 aprid
1114 2265 1285 2334 Sidonium

157 2375 303 2458 positum
327 2411 366 2420 —
392 2372 515 2436 suffieit
539 2394 635 2434 unum
659 2370 841 2455 exemplum
875 2394 914 2434 ex
948 2369 1009 2433 hae
1042 2371 1117 2457 ipsa
1144 2372 1286 2458 epistula

159 2483 325 2562 sumptum
337 2476 446 2561 (289):
470 2476 523 2539 secl
535 2477 784 2560 paternatioais
808 2497 897 2538 suae
921 2474 1068 2538 ordinem
1086 2475 1227 2561 exposcis
1245 2515 1285 2525 --

156 2579 310 2645 librarios
339 2578 480 2642 fortasse
514 2577 660 2659 offendit,
693 2599 886 2661 quamquam
910 2599 982 2640 oum
1003 2576 1038 2639 in
1067 2577 1099 2640 Α
1127 2601 1185 2646 nee
1220 2579 1287 2664 pri-

158 2707 244 2747 mum
269 2682 427 2768 seriptum
451 2671 495 2744 sit
516 2689 549 2744 et
573 2679 699 2760 melius,
714 2703 795 2744 'eum
819 2679 905 2744 adsit
928 2701 1026 2758 ream,
1052 2680 1148 2761 absit,
1171 2680 1285 2746 dubito

158 2809 234 2851 num
269 2782 407 2849 Sidonio
437 2783 501 2869 ipsi
536 2783 691 2848 debeatur
713 2806 752 2847 ao
774 2806 839 2847 non
863 2783 973 2868 potius
1001 2783 1155 2848 librariis.
1200 2785 1286 2849 Nam

159 2890 228 2953 lieri
264 2887 376 2974 potuit
399 2895 444 2966 ut,
468 2909 540 2951 oum
563 2885 626 2950 hoo
654 2894 743 2950 esset
776 2885 810 2950 in
839 2885 1033 2972 archetypo:
1063 2888 1156 2950 lasese
1189 2890 1286 2952 maie-

156 2994 263 3071 statis,
287 3014 326 3055 ex
349 3013 387 3054 eo
413 2991 445 3053 in
470 2989 543 3053 aliis
567 2988 737 3053 oodioibus
764 2989 949 3053 efficeretur
965 3011 995 3052 se
1013 2992 1194 3053 maiestatis
1222 2994 1285 3055 tae-

160 3120 221 3175 sae,
246 3096 279 3158 in
304 3086 378 3158 aliis
402 3092 587 3158 necessaria
621 3091 844 3160 emendatione
869 3095 972 3156 laesae
995 3095 1175 3158 maiestatis
1198 3103 1285 3160 reete

160 3199 394 3264 restitueretur.

264 3301 308 3365 ⁷8:
353 3299 581 3364 Saaoieutibas
605 3298 717 3363 neseio
743 3298 827 3362 unde
852 3307 1015 3385 sumptum
1039 3338 1079 3347 -
1105 3299 1138 3363 in
1162 3301 1194 3365 V
1216 3326 1288 3365 saa-

161 3407 304 3484 oieatem,
317 3404 350 3466 in
363 3405 383 3468 b
396 3403 603 3467 sanciendam
616 3402 771 3486 primaria
782 3409 832 3464 est
845 3401 942 3466 leotio
956 3441 995 3451 -
1009 3425 1074 3466 non
1086 3411 1173 3468 reate
1186 3405 1290 3490 sarip-

161 3517 228 3572 tum
261 3515 313 3572 est
335 3531 353 3572 a
375 3506 579 3587 Wouwerio,
613 3513 646 3568 et
679 3510 886 3584 sancientum,
916 3505 1003 3589 quod
1037 3529 1148 3570 verum
1171 3515 1231 3588 est,
1254 3507 1288 3572 in

161 3611 286 3697 optimo
311 3632 370 3674 suo
395 3633 430 3674 se
458 3609 624 3674 invenisse
652 3605 743 3673 dicit.
787 3606 1051 3673 Elmenhorstius
1076 3613 1289 3675 sentientiam

160 3713 304 3798 scripsit.

264 3816 308 3881 lt.
347 3815 645 3900 ,Perper-utorium,
672 3813 759 3899 quod
788 3823 839 3877 est
864 3814 898 3876 in
920 3813 1036 3878 AHZ
1070 3822 1103 3877 et
1136 3815 1169 3878 in
1202 3815 1288 3882 libro

161 3918 322 3999 Danielis,
351 3926 386 3981 ut
408 3918 455 3982 ait
475 3916 698 3998 WouweriuS,
726 3939 798 3980 oum
831 3915 908 3980 alibi
942 3938 1099 4000 nusquam
1127 3919 1290 4004 repperis-

163 4030 236 4086 sent
268 4022 330 4085 viri
354 4021 454 4102 docti,
477 4020 740 4086 Elmenhorstius
770 4027 876 4083 tamen
904 4020 1037 4105 recepit.
1082 4019 1288 4107 Paupertate·

165 4149 236 4190 ram
257 4132 345 4191 reete
369 4133 532 4189 servatum
560 4131 616 4188 aut
638 4122 726 4188 felioi
750 4122 975 4186 emendatione
997 4122 1146 4187 effectum
1169 4124 1291 4191 habent

164 4225 252 4295 Vet
274 4228 313 4294 R.
