<?xml version="1.0" encoding="UTF-8"?>
<!DOCTYPE html PUBLIC "-//W3C//DTD XHTML 1.0 Transitional//EN"
    "http://www.w3.org/TR/xhtml1/DTD/xhtml1-transitional.dtd">
<html xmlns="http://www.w3.org/1999/xhtml" xml:lang="en" lang="en">
 <head>
  <title>
</title>
<meta http-equiv="Content-Type" content="text/html;charset=utf-8" />
  <meta name='ocr-system' content='tesseract 3.04.00' />
  <meta name='ocr-capabilities' content='ocr_page ocr_carea ocr_par ocr_line ocrx_word'/>
</head>
<body>
  <div class='ocr_page' id='page_1' title='image "./deapollinarisid00gustgoog_0020.png"; bbox 0 0 3172 4908; ppageno 0'>
   <div class='ocr_carea' id='block_1_1' title="bbox 1229 264 1267 310">
    <p class='ocr_par' dir='ltr' id='par_1_1' title="bbox 1229 264 1267 310">
     <span class='ocr_line' id='line_1_1' title="bbox 1229 264 1267 310; baseline 0.026 -1"><span class='ocrx_word' id='word_1_1' title='bbox 1229 264 1267 310; x_wconf 82' lang='lat' dir='ltr'>IX</span> 
     </span>
    </p>
   </div>
   <div class='ocr_carea' id='block_1_2' title="bbox 178 417 1323 4454">
    <p class='ocr_par' dir='ltr' id='par_1_2' title="bbox 178 417 1312 1146">
     <span class='ocr_line' id='line_1_2' title="bbox 179 417 1308 526; baseline -0.005 -20"><span class='ocrx_word' id='word_1_2' title='bbox 179 417 316 508; x_wconf 90' lang='lat' dir='ltr'>vacuum</span> <span class='ocrx_word' id='word_1_3' title='bbox 342 441 488 524; x_wconf 87' lang='lat' dir='ltr'>sequitur</span> <span class='ocrx_word' id='word_1_4' title='bbox 510 464 561 526; x_wconf 90' lang='lat' dir='ltr'>ep.</span> <span class='ocrx_word' id='word_1_5' title='bbox 579 439 651 505; x_wconf 93' lang='lat' dir='ltr'>VII</span> <span class='ocrx_word' id='word_1_6' title='bbox 668 442 686 503; x_wconf 83' lang='lat'><strong>5</strong></span> <span class='ocrx_word' id='word_1_7' title='bbox 706 441 964 521; x_wconf 80' lang='lat' dir='ltr'>(sacrosanctam</span> <span class='ocrx_word' id='word_1_8' title='bbox 981 436 1084 501; x_wconf 82' lang='lat' dir='ltr'>sedem</span> <span class='ocrx_word' id='word_1_9' title='bbox 1097 475 1138 484; x_wconf 95' lang='lat'><strong>—</strong></span> <span class='ocrx_word' id='word_1_10' title='bbox 1147 438 1308 520; x_wconf 68' lang='lat' dir='ltr'>potuisse)</span> 
     </span>
     <span class='ocr_line' id='line_1_3' title="bbox 178 537 1312 631; baseline -0.007 -22"><span class='ocrx_word' id='word_1_11' title='bbox 178 550 209 609; x_wconf 82' lang='lat' dir='ltr'>si</span> <span class='ocrx_word' id='word_1_12' title='bbox 241 567 336 631; x_wconf 62' lang='lat' dir='ltr'>queam</span> <span class='ocrx_word' id='word_1_13' title='bbox 366 557 514 629; x_wconf 77' lang='lat' dir='ltr'>peretur.</span> <span class='ocrx_word' id='word_1_14' title='bbox 565 544 604 607; x_wconf 93' lang='lat' dir='ltr'>In</span> <span class='ocrx_word' id='word_1_15' title='bbox 639 543 702 606; x_wconf 84' lang='lat' dir='ltr'>fine</span> <span class='ocrx_word' id='word_1_16' title='bbox 731 540 848 605; x_wconf 82' lang='lat' dir='ltr'>decimi</span> <span class='ocrx_word' id='word_1_17' title='bbox 877 539 1101 624; x_wconf 68' lang='lat' dir='ltr'><strong>quaternionis</strong></span> <span class='ocrx_word' id='word_1_18' title='bbox 1130 537 1193 604; x_wconf 94' lang='lat' dir='ltr'>hoc</span> <span class='ocrx_word' id='word_1_19' title='bbox 1222 539 1312 603; x_wconf 89' lang='lat' dir='ltr'>iubet</span> 
     </span>
     <span class='ocr_line' id='line_1_4' title="bbox 178 642 1311 731; baseline -0.006 -18"><span class='ocrx_word' id='word_1_20' title='bbox 178 649 346 714; x_wconf 87' lang='lat' dir='ltr'>librarius:</span> <span class='ocrx_word' id='word_1_21' title='bbox 386 659 482 710; x_wconf 81' lang='lat' dir='ltr'>torae</span> <span class='ocrx_word' id='word_1_22' title='bbox 517 659 618 712; x_wconf 81' lang='lat' dir='ltr'>totum</span> <span class='ocrx_word' id='word_1_23' title='bbox 651 650 896 731; x_wconf 70' lang='lat' dir='ltr'>quaternionem</span> <span class='ocrx_word' id='word_1_24' title='bbox 929 645 972 708; x_wconf 89' lang='lat' dir='ltr'>ad</span> <span class='ocrx_word' id='word_1_25' title='bbox 1006 646 1068 706; x_wconf 82' lang='lat' dir='ltr'>tale</span> <span class='ocrx_word' id='word_1_26' title='bbox 1097 646 1254 727; x_wconf 66' lang='lat' dir='ltr'>aequuum,</span> <span class='ocrx_word' id='word_1_27' title='bbox 1278 642 1311 706; x_wconf 91' lang='lat' dir='ltr'>in</span> 
     </span>
     <span class='ocr_line' id='line_1_5' title="bbox 178 746 1312 838; baseline -0.006 -21"><span class='ocrx_word' id='word_1_28' title='bbox 178 753 379 838; x_wconf 89' lang='lat' dir='ltr'>interposito</span> <span class='ocrx_word' id='word_1_29' title='bbox 391 750 605 835; x_wconf 82' lang='lat' dir='ltr'>quaternione</span> <span class='ocrx_word' id='word_1_30' title='bbox 617 748 819 834; x_wconf 86' lang='lat' dir='ltr'>incipiuntur</span> <span class='ocrx_word' id='word_1_31' title='bbox 831 769 922 833; x_wconf 84' lang='lat' dir='ltr'>saepe</span> <span class='ocrx_word' id='word_1_32' title='bbox 932 750 1065 811; x_wconf 79' lang='lat' dir='ltr'>terseris</span> <span class='ocrx_word' id='word_1_33' title='bbox 1073 754 1140 830; x_wconf 86' lang='lat' dir='ltr'>etq.</span> <span class='ocrx_word' id='word_1_34' title='bbox 1149 767 1174 809; x_wconf 91' lang='lat' dir='ltr'>s.</span> <span class='ocrx_word' id='word_1_35' title='bbox 1182 748 1250 830; x_wconf 89' lang='lat' dir='ltr'>(ep.</span> <span class='ocrx_word' id='word_1_36' title='bbox 1260 746 1312 810; x_wconf 94' lang='lat' dir='ltr'>VI</span> 
     </span>
     <span class='ocr_line' id='line_1_6' title="bbox 180 848 1312 941; baseline -0.007 -21"><span class='ocrx_word' id='word_1_37' title='bbox 180 858 244 941; x_wconf 84' lang='grc'>12).</span> <span class='ocrx_word' id='word_1_38' title='bbox 289 855 383 920; x_wconf 87' lang='lat' dir='ltr'>Haec</span> <span class='ocrx_word' id='word_1_39' title='bbox 411 853 520 917; x_wconf 91' lang='lat' dir='ltr'>omnia</span> <span class='ocrx_word' id='word_1_40' title='bbox 555 874 627 916; x_wconf 90' lang='lat' dir='ltr'>oum</span> <span class='ocrx_word' id='word_1_41' title='bbox 661 851 704 915; x_wconf 91' lang='lat' dir='ltr'>iis</span> <span class='ocrx_word' id='word_1_42' title='bbox 736 850 907 934; x_wconf 80' lang='lat' dir='ltr'>quadrant,</span> <span class='ocrx_word' id='word_1_43' title='bbox 940 873 1022 934; x_wconf 91' lang='lat' dir='ltr'>quae</span> <span class='ocrx_word' id='word_1_44' title='bbox 1055 849 1095 913; x_wconf 87' lang='lat' dir='ltr'>de</span> <span class='ocrx_word' id='word_1_45' title='bbox 1129 849 1160 913; x_wconf 95' lang='lat' dir='ltr'>V</span> <span class='ocrx_word' id='word_1_46' title='bbox 1196 848 1312 913; x_wconf 89' lang='lat' dir='ltr'>codice</span> 
     </span>
     <span class='ocr_line' id='line_1_7' title="bbox 179 952 1312 1043; baseline -0.008 -20"><span class='ocrx_word' id='word_1_47' title='bbox 179 959 312 1043; x_wconf 86' lang='lat' dir='ltr'>eiusque</span> <span class='ocrx_word' id='word_1_48' title='bbox 346 956 525 1043; x_wconf 91' lang='lat' dir='ltr'>archetypo</span> <span class='ocrx_word' id='word_1_49' title='bbox 559 954 780 1040; x_wconf 83' lang='lat' dir='ltr'>exposuimus.</span> <span class='ocrx_word' id='word_1_50' title='bbox 825 953 909 1018; x_wconf 87' lang='lat' dir='ltr'>Post</span> <span class='ocrx_word' id='word_1_51' title='bbox 941 976 993 1039; x_wconf 85' lang='lat' dir='ltr'>ep.</span> <span class='ocrx_word' id='word_1_52' title='bbox 1022 952 1076 1017; x_wconf 88' lang='lat' dir='ltr'>IX</span> <span class='ocrx_word' id='word_1_53' title='bbox 1104 955 1123 1016; x_wconf 91' lang='lat'>6</span> <span class='ocrx_word' id='word_1_54' title='bbox 1152 975 1235 1035; x_wconf 87' lang='lat' dir='ltr'>quae</span> <span class='ocrx_word' id='word_1_55' title='bbox 1263 973 1312 1015; x_wconf 89' lang='lat' dir='ltr'>se-</span> 
     </span>
     <span class='ocr_line' id='line_1_8' title="bbox 180 1057 871 1146; baseline -0.007 -21"><span class='ocrx_word' id='word_1_56' title='bbox 180 1068 321 1146; x_wconf 88' lang='lat' dir='ltr'>quuntur</span> <span class='ocrx_word' id='word_1_57' title='bbox 344 1059 409 1124; x_wconf 93' lang='lat' dir='ltr'>alio</span> <span class='ocrx_word' id='word_1_58' title='bbox 433 1067 613 1123; x_wconf 88' lang='lat' dir='ltr'>atramento</span> <span class='ocrx_word' id='word_1_59' title='bbox 638 1065 715 1122; x_wconf 90' lang='lat' dir='ltr'>sunt</span> <span class='ocrx_word' id='word_1_60' title='bbox 737 1057 871 1143; x_wconf 85' lang='lat' dir='ltr'>scripta.</span> 
     </span>
    </p>

    <p class='ocr_par' dir='ltr' id='par_1_3' title="bbox 180 1157 1313 1562">
     <span class='ocr_line' id='line_1_9' title="bbox 283 1157 1312 1245; baseline -0.005 -17"><span class='ocrx_word' id='word_1_61' title='bbox 283 1157 399 1228; x_wconf 81' lang='lat' dir='ltr'>Codex</span> <span class='ocrx_word' id='word_1_62' title='bbox 421 1161 718 1227; x_wconf 80' lang='lat' dir='ltr'>Laurentianus</span> <span class='ocrx_word' id='word_1_63' title='bbox 738 1160 842 1226; x_wconf 86' lang='lat' dir='ltr'>XLV</span> <span class='ocrx_word' id='word_1_64' title='bbox 865 1163 905 1226; x_wconf 95' lang='grc'>23</span> <span class='ocrx_word' id='word_1_65' title='bbox 930 1162 976 1245; x_wconf 80' lang='lat' dir='ltr'>(I)</span> <span class='ocrx_word' id='word_1_66' title='bbox 1001 1182 1086 1225; x_wconf 88' lang='lat' dir='ltr'>saec.</span> <span class='ocrx_word' id='word_1_67' title='bbox 1109 1159 1184 1224; x_wconf 88' lang='lat' dir='ltr'>XII</span> <span class='ocrx_word' id='word_1_68' title='bbox 1208 1160 1312 1244; x_wconf 90' lang='lat' dir='ltr'>scrip-</span> 
     </span>
     <span class='ocr_line' id='line_1_10' title="bbox 180 1263 1313 1350; baseline -0.006 -17"><span class='ocrx_word' id='word_1_69' title='bbox 180 1277 243 1333; x_wconf 88' lang='lat' dir='ltr'>tus.</span> <span class='ocrx_word' id='word_1_70' title='bbox 289 1267 356 1332; x_wconf 93' lang='lat' dir='ltr'>Hic</span> <span class='ocrx_word' id='word_1_71' title='bbox 383 1289 512 1350; x_wconf 90' lang='lat' dir='ltr'>quoque</span> <span class='ocrx_word' id='word_1_72' title='bbox 541 1265 646 1330; x_wconf 86' lang='lat' dir='ltr'>codex</span> <span class='ocrx_word' id='word_1_73' title='bbox 674 1265 759 1328; x_wconf 88' lang='lat' dir='ltr'>inter</span> <span class='ocrx_word' id='word_1_74' title='bbox 786 1264 962 1329; x_wconf 90' lang='lat' dir='ltr'>lacunosos</span> <span class='ocrx_word' id='word_1_75' title='bbox 989 1263 1178 1328; x_wconf 82' lang='lat' dir='ltr'>referendus</span> <span class='ocrx_word' id='word_1_76' title='bbox 1207 1271 1258 1327; x_wconf 87' lang='lat' dir='ltr'>est</span> <span class='ocrx_word' id='word_1_77' title='bbox 1280 1270 1313 1328; x_wconf 85' lang='lat' dir='ltr'>et</span> 
     </span>
     <span class='ocr_line' id='line_1_11' title="bbox 182 1366 1313 1456; baseline -0.004 -20"><span class='ocrx_word' id='word_1_78' title='bbox 182 1371 305 1436; x_wconf 87' lang='lat' dir='ltr'>desinit</span> <span class='ocrx_word' id='word_1_79' title='bbox 326 1393 376 1456; x_wconf 88' lang='lat' dir='ltr'>ep.</span> <span class='ocrx_word' id='word_1_80' title='bbox 400 1370 457 1446; x_wconf 90' lang='lat' dir='ltr'>IX</span> <span class='ocrx_word' id='word_1_81' title='bbox 479 1371 509 1452; x_wconf 89' lang='lat'>6,</span> <span class='ocrx_word' id='word_1_82' title='bbox 533 1369 591 1434; x_wconf 89' lang='lat' dir='ltr'>sed</span> <span class='ocrx_word' id='word_1_83' title='bbox 618 1369 651 1432; x_wconf 91' lang='lat' dir='ltr'>in</span> <span class='ocrx_word' id='word_1_84' title='bbox 680 1368 774 1432; x_wconf 86' lang='lat' dir='ltr'>initio</span> <span class='ocrx_word' id='word_1_85' title='bbox 802 1366 876 1452; x_wconf 87' lang='lat' dir='ltr'>(fol.</span> <span class='ocrx_word' id='word_1_86' title='bbox 900 1367 942 1432; x_wconf 83' lang='grc'>21)</span> <span class='ocrx_word' id='word_1_87' title='bbox 965 1389 1068 1451; x_wconf 89' lang='lat' dir='ltr'>usque</span> <span class='ocrx_word' id='word_1_88' title='bbox 1091 1368 1133 1431; x_wconf 90' lang='lat' dir='ltr'>ad</span> <span class='ocrx_word' id='word_1_89' title='bbox 1155 1366 1212 1430; x_wconf 87' lang='lat' dir='ltr'>fol.</span> <span class='ocrx_word' id='word_1_90' title='bbox 1238 1367 1313 1451; x_wconf 77' lang='grc'>1911)</span> 
     </span>
     <span class='ocr_line' id='line_1_12' title="bbox 181 1471 639 1562; baseline -0.009 -22"><span class='ocrx_word' id='word_1_91' title='bbox 181 1484 308 1562; x_wconf 86' lang='lat' dir='ltr'>partem</span> <span class='ocrx_word' id='word_1_92' title='bbox 332 1474 510 1539; x_wconf 83' lang='lat' dir='ltr'>carminum</span> <span class='ocrx_word' id='word_1_93' title='bbox 532 1471 639 1538; x_wconf 88' lang='lat' dir='ltr'>habet.</span> 
     </span>
    </p>

    <p class='ocr_par' dir='ltr' id='par_1_4' title="bbox 181 1571 1315 1768">
     <span class='ocr_line' id='line_1_13' title="bbox 284 1571 1315 1642; baseline -0.003 0"><span class='ocrx_word' id='word_1_94' title='bbox 284 1571 400 1642; x_wconf 77' lang='lat' dir='ltr'>Codex</span> <span class='ocrx_word' id='word_1_95' title='bbox 442 1575 739 1641; x_wconf 83' lang='lat' dir='ltr'>Laurentianus</span> <span class='ocrx_word' id='word_1_96' title='bbox 781 1574 883 1639; x_wconf 85' lang='lat' dir='ltr'>XLV</span> <span class='ocrx_word' id='word_1_97' title='bbox 920 1576 959 1638; x_wconf 87' lang='grc'>26</span> <span class='ocrx_word' id='word_1_98' title='bbox 998 1597 1083 1639; x_wconf 87' lang='lat' dir='ltr'>saec.</span> <span class='ocrx_word' id='word_1_99' title='bbox 1121 1573 1315 1639; x_wconf 87' lang='lat' dir='ltr'>XII-XII</span> 
     </span>
     <span class='ocr_line' id='line_1_14' title="bbox 181 1683 336 1768; baseline -0.032 -20"><span class='ocrx_word' id='word_1_100' title='bbox 181 1683 336 1768; x_wconf 85' lang='lat' dir='ltr'>scriptus.</span> 
     </span>
    </p>

    <p class='ocr_par' dir='ltr' id='par_1_5' title="bbox 180 1779 1317 2573">
     <span class='ocr_line' id='line_1_15' title="bbox 283 1779 1315 1869; baseline -0.003 -20"><span class='ocrx_word' id='word_1_101' title='bbox 283 1785 436 1850; x_wconf 89' lang='lat' dir='ltr'>Mohrius</span> <span class='ocrx_word' id='word_1_102' title='bbox 471 1783 561 1869; x_wconf 87' lang='lat' dir='ltr'>(Act.</span> <span class='ocrx_word' id='word_1_103' title='bbox 597 1779 674 1846; x_wconf 86' lang='lat' dir='ltr'>Soc.</span> <span class='ocrx_word' id='word_1_104' title='bbox 709 1782 789 1868; x_wconf 86' lang='lat' dir='ltr'>phil.</span> <span class='ocrx_word' id='word_1_105' title='bbox 823 1782 918 1868; x_wconf 83' lang='lat' dir='ltr'>Lips.</span> <span class='ocrx_word' id='word_1_106' title='bbox 951 1789 1028 1846; x_wconf 86' lang='lat' dir='ltr'>tom.</span> <span class='ocrx_word' id='word_1_107' title='bbox 1064 1782 1096 1847; x_wconf 91' lang='lat' dir='ltr'>V</span> <span class='ocrx_word' id='word_1_108' title='bbox 1130 1807 1206 1868; x_wconf 82' lang='lat' dir='ltr'>pag.</span> <span class='ocrx_word' id='word_1_109' title='bbox 1236 1782 1315 1868; x_wconf 87' lang='grc'>336)</span> 
     </span>
     <span class='ocr_line' id='line_1_16' title="bbox 180 1883 1315 1970; baseline -0.003 -17"><span class='ocrx_word' id='word_1_110' title='bbox 180 1888 381 1954; x_wconf 89' lang='lat' dir='ltr'>Bernensem</span> <span class='ocrx_word' id='word_1_111' title='bbox 424 1911 456 1951; x_wconf 92' lang='lat' dir='ltr'>n.</span> <span class='ocrx_word' id='word_1_112' title='bbox 496 1889 557 1950; x_wconf 92' lang='grc'>285</span> <span class='ocrx_word' id='word_1_113' title='bbox 598 1886 727 1950; x_wconf 89' lang='lat' dir='ltr'>videtur</span> <span class='ocrx_word' id='word_1_114' title='bbox 765 1886 908 1968; x_wconf 90' lang='lat' dir='ltr'>novisse,</span> <span class='ocrx_word' id='word_1_115' title='bbox 946 1909 1041 1970; x_wconf 90' lang='lat' dir='ltr'>quem</span> <span class='ocrx_word' id='word_1_116' title='bbox 1073 1883 1315 1950; x_wconf 86' lang='lat' dir='ltr'>aWoelfflino</span> 
     </span>
     <span class='ocr_line' id='line_1_17' title="bbox 182 1988 1316 2075; baseline -0.003 -19"><span class='ocrx_word' id='word_1_117' title='bbox 182 1992 337 2057; x_wconf 87' lang='lat' dir='ltr'>collatum</span> <span class='ocrx_word' id='word_1_118' title='bbox 366 2014 449 2056; x_wconf 88' lang='lat' dir='ltr'>saec.</span> <span class='ocrx_word' id='word_1_119' title='bbox 479 1989 653 2055; x_wconf 89' lang='lat' dir='ltr'>XI-XII</span> <span class='ocrx_word' id='word_1_120' title='bbox 676 2011 748 2054; x_wconf 90' lang='lat' dir='ltr'>esse</span> <span class='ocrx_word' id='word_1_121' title='bbox 771 1989 952 2068; x_wconf 83' lang='lat' dir='ltr'>existimat3</span> <span class='ocrx_word' id='word_1_122' title='bbox 979 1997 1147 2075; x_wconf 88' lang='lat' dir='ltr'>praeterea</span> <span class='ocrx_word' id='word_1_123' title='bbox 1170 1996 1206 2051; x_wconf 90' lang='lat' dir='ltr'>ut</span> <span class='ocrx_word' id='word_1_124' title='bbox 1228 1988 1316 2053; x_wconf 89' lang='lat' dir='ltr'>lacu·</span> 
     </span>
     <span class='ocr_line' id='line_1_18' title="bbox 183 2091 1316 2175; baseline -0.003 -16"><span class='ocrx_word' id='word_1_125' title='bbox 183 2116 297 2159; x_wconf 90' lang='lat' dir='ltr'>nosum</span> <span class='ocrx_word' id='word_1_126' title='bbox 325 2100 557 2158; x_wconf 84' lang='lat' dir='ltr'>commemorat</span> <span class='ocrx_word' id='word_1_127' title='bbox 590 2092 889 2157; x_wconf 85' lang='lat' dir='ltr'>Helmstadieusem</span> <span class='ocrx_word' id='word_1_128' title='bbox 918 2117 949 2157; x_wconf 93' lang='lat' dir='ltr'>n.</span> <span class='ocrx_word' id='word_1_129' title='bbox 978 2094 1051 2175; x_wconf 86' lang='lat'>486,</span> <span class='ocrx_word' id='word_1_130' title='bbox 1085 2115 1171 2157; x_wconf 90' lang='lat' dir='ltr'>nunc</span> <span class='ocrx_word' id='word_1_131' title='bbox 1204 2091 1316 2158; x_wconf 92' lang='lat' dir='ltr'>Wol-</span> 
     </span>
     <span class='ocr_line' id='line_1_19' title="bbox 183 2195 1317 2281; baseline -0.002 -19"><span class='ocrx_word' id='word_1_132' title='bbox 183 2197 499 2262; x_wconf 88' lang='lat' dir='ltr'>fenbuttelanum</span> <span class='ocrx_word' id='word_1_133' title='bbox 529 2218 594 2259; x_wconf 86' lang='lat' dir='ltr'>sac.</span> <span class='ocrx_word' id='word_1_134' title='bbox 625 2196 730 2277; x_wconf 89' lang='lat' dir='ltr'>XIII,</span> <span class='ocrx_word' id='word_1_135' title='bbox 759 2196 792 2259; x_wconf 93' lang='lat' dir='ltr'>in</span> <span class='ocrx_word' id='word_1_136' title='bbox 820 2218 885 2280; x_wconf 91' lang='lat' dir='ltr'>quo</span> <span class='ocrx_word' id='word_1_137' title='bbox 914 2195 1057 2260; x_wconf 89' lang='lat' dir='ltr'>carmina</span> <span class='ocrx_word' id='word_1_138' title='bbox 1086 2195 1239 2281; x_wconf 87' lang='lat' dir='ltr'>epistulis</span> <span class='ocrx_word' id='word_1_139' title='bbox 1268 2197 1317 2260; x_wconf 90' lang='lat' dir='ltr'>in-</span> 
     </span>
     <span class='ocr_line' id='line_1_20' title="bbox 181 2299 1316 2387; baseline 0 -22"><span class='ocrx_word' id='word_1_140' title='bbox 181 2303 316 2366; x_wconf 86' lang='lat' dir='ltr'>teriecta</span> <span class='ocrx_word' id='word_1_141' title='bbox 344 2309 377 2366; x_wconf 88' lang='lat' dir='ltr'>et</span> <span class='ocrx_word' id='word_1_142' title='bbox 404 2299 468 2363; x_wconf 89' lang='lat' dir='ltr'>alia</span> <span class='ocrx_word' id='word_1_143' title='bbox 496 2323 624 2383; x_wconf 89' lang='lat' dir='ltr'>quoque</span> <span class='ocrx_word' id='word_1_144' title='bbox 652 2299 685 2362; x_wconf 91' lang='lat' dir='ltr'>in</span> <span class='ocrx_word' id='word_1_145' title='bbox 713 2299 865 2385; x_wconf 86' lang='lat' dir='ltr'>epistulis</span> <span class='ocrx_word' id='word_1_146' title='bbox 888 2307 921 2362; x_wconf 89' lang='lat' dir='ltr'>et</span> <span class='ocrx_word' id='word_1_147' title='bbox 944 2299 1142 2364; x_wconf 87' lang='lat' dir='ltr'>carminibus</span> <span class='ocrx_word' id='word_1_148' title='bbox 1165 2308 1316 2387; x_wconf 89' lang='lat' dir='ltr'>transpo-</span> 
     </span>
     <span class='ocr_line' id='line_1_21' title="bbox 184 2391 1316 2481; baseline 0 -12"><span class='ocrx_word' id='word_1_149' title='bbox 184 2406 248 2470; x_wconf 88' lang='lat' dir='ltr'>sita</span> <span class='ocrx_word' id='word_1_150' title='bbox 270 2427 342 2469; x_wconf 87' lang='lat' dir='ltr'>esse</span> <span class='ocrx_word' id='word_1_151' title='bbox 364 2391 762 2481; x_wconf 79' lang='lat' dir='ltr'>dioit3Bernensia11tdm</span> <span class='ocrx_word' id='word_1_152' title='bbox 780 2403 970 2468; x_wconf 87' lang='lat' dir='ltr'>similiorem</span> <span class='ocrx_word' id='word_1_153' title='bbox 988 2425 1060 2468; x_wconf 87' lang='lat' dir='ltr'>esse</span> <span class='ocrx_word' id='word_1_154' title='bbox 1076 2403 1316 2470; x_wconf 85' lang='lat' dir='ltr'>Bruxellen-</span> 
     </span>
     <span class='ocr_line' id='line_1_22' title="bbox 185 2507 496 2573; baseline -0.003 -1"><span class='ocrx_word' id='word_1_155' title='bbox 185 2531 261 2572; x_wconf 89' lang='lat' dir='ltr'>sem</span> <span class='ocrx_word' id='word_1_156' title='bbox 285 2530 369 2573; x_wconf 90' lang='lat' dir='ltr'>saec.</span> <span class='ocrx_word' id='word_1_157' title='bbox 392 2507 496 2572; x_wconf 93' lang='lat' dir='ltr'>XIII.</span> 
     </span>
    </p>

    <p class='ocr_par' dir='ltr' id='par_1_6' title="bbox 185 2605 1320 4225">
     <span class='ocr_line' id='line_1_23' title="bbox 288 2605 1318 2697; baseline -0.001 -21"><span class='ocrx_word' id='word_1_158' title='bbox 288 2611 498 2676; x_wconf 88' lang='lat' dir='ltr'>Vetustiores</span> <span class='ocrx_word' id='word_1_159' title='bbox 516 2620 612 2696; x_wconf 85' lang='lat' dir='ltr'>atque</span> <span class='ocrx_word' id='word_1_160' title='bbox 635 2612 786 2676; x_wconf 88' lang='lat' dir='ltr'>meliores</span> <span class='ocrx_word' id='word_1_161' title='bbox 810 2605 1040 2676; x_wconf 78' lang='lat' dir='ltr'>Chatelainius</span> <span class='ocrx_word' id='word_1_162' title='bbox 1059 2611 1318 2697; x_wconf 86' lang='lat' dir='ltr'>eognovitcodi·</span> 
     </span>
     <span class='ocr_line' id='line_1_24' title="bbox 185 2713 1317 2799; baseline 0 -19"><span class='ocrx_word' id='word_1_163' title='bbox 185 2737 250 2780; x_wconf 86' lang='lat' dir='ltr'>ces.</span> <span class='ocrx_word' id='word_1_164' title='bbox 284 2715 370 2778; x_wconf 86' lang='lat' dir='ltr'>Nam</span> <span class='ocrx_word' id='word_1_165' title='bbox 394 2714 426 2777; x_wconf 92' lang='lat' dir='ltr'>in</span> <span class='ocrx_word' id='word_1_166' title='bbox 444 2738 481 2778; x_wconf 88' lang='lat' dir='ltr'>ea</span> <span class='ocrx_word' id='word_1_167' title='bbox 498 2738 594 2799; x_wconf 88' lang='lat' dir='ltr'>quam</span> <span class='ocrx_word' id='word_1_168' title='bbox 611 2714 675 2778; x_wconf 91' lang='lat' dir='ltr'>iam</span> <span class='ocrx_word' id='word_1_169' title='bbox 698 2713 766 2778; x_wconf 83' lang='lat' dir='ltr'>dixi</span> <span class='ocrx_word' id='word_1_170' title='bbox 790 2714 1061 2778; x_wconf 88' lang='lat' dir='ltr'>commentatione</span> <span class='ocrx_word' id='word_1_171' title='bbox 1085 2722 1118 2778; x_wconf 90' lang='lat' dir='ltr'>et</span> <span class='ocrx_word' id='word_1_172' title='bbox 1139 2715 1317 2780; x_wconf 81' lang='lat' dir='ltr'>AVRFL</span> 
     </span>
     <span class='ocr_line' id='line_1_25' title="bbox 186 2815 1318 2902; baseline -0.001 -20"><span class='ocrx_word' id='word_1_173' title='bbox 186 2830 218 2882; x_wconf 91' lang='lat' dir='ltr'>et</span> <span class='ocrx_word' id='word_1_174' title='bbox 251 2818 339 2882; x_wconf 88' lang='lat' dir='ltr'>notis</span> <span class='ocrx_word' id='word_1_175' title='bbox 375 2840 439 2881; x_wconf 89' lang='lat' dir='ltr'>uon</span> <span class='ocrx_word' id='word_1_176' title='bbox 472 2816 648 2882; x_wconf 83' lang='lat' dir='ltr'>distinctos</span> <span class='ocrx_word' id='word_1_177' title='bbox 690 2816 784 2897; x_wconf 88' lang='lat' dir='ltr'>alios,</span> <span class='ocrx_word' id='word_1_178' title='bbox 819 2839 901 2900; x_wconf 93' lang='lat' dir='ltr'>quos</span> <span class='ocrx_word' id='word_1_179' title='bbox 936 2815 1108 2902; x_wconf 85' lang='lat' dir='ltr'>descripsi,</span> <span class='ocrx_word' id='word_1_180' title='bbox 1142 2827 1318 2900; x_wconf 85' lang='lat' dir='ltr'>enumerat,</span> 
     </span>
     <span class='ocr_line' id='line_1_26' title="bbox 187 2916 1317 3004; baseline 0.002 -21"><span class='ocrx_word' id='word_1_181' title='bbox 187 2929 283 3004; x_wconf 88' lang='lat' dir='ltr'>atque</span> <span class='ocrx_word' id='word_1_182' title='bbox 306 2920 587 2984; x_wconf 89' lang='lat' dir='ltr'>Matritensem</span> <span class='ocrx_word' id='word_1_183' title='bbox 621 2941 705 2984; x_wconf 88' lang='lat' dir='ltr'>saec.</span> <span class='ocrx_word' id='word_1_184' title='bbox 739 2920 804 2986; x_wconf 92' lang='lat' dir='ltr'>XI.</span> <span class='ocrx_word' id='word_1_185' title='bbox 856 2916 1006 2984; x_wconf 90' lang='lat' dir='ltr'>Gallicos</span> <span class='ocrx_word' id='word_1_186' title='bbox 1040 2920 1171 2985; x_wconf 87' lang='lat' dir='ltr'>codices</span> <span class='ocrx_word' id='word_1_187' title='bbox 1206 2944 1317 2986; x_wconf 91' lang='lat' dir='ltr'>omnes</span> 
     </span>
     <span class='ocr_line' id='line_1_27' title="bbox 187 3022 1316 3109; baseline 0.001 -23"><span class='ocrx_word' id='word_1_188' title='bbox 187 3022 316 3087; x_wconf 88' lang='lat' dir='ltr'>videtur</span> <span class='ocrx_word' id='word_1_189' title='bbox 353 3023 606 3109; x_wconf 85' lang='lat' dir='ltr'>pervestigasse,</span> <span class='ocrx_word' id='word_1_190' title='bbox 639 3045 678 3086; x_wconf 85' lang='lat' dir='ltr'>ex</span> <span class='ocrx_word' id='word_1_191' title='bbox 711 3022 829 3106; x_wconf 90' lang='lat' dir='ltr'>quibus</span> <span class='ocrx_word' id='word_1_192' title='bbox 858 3022 1128 3087; x_wconf 89' lang='lat' dir='ltr'>Parisiensem</span> <span class='ocrx_word' id='word_1_193' title='bbox 1157 3046 1188 3086; x_wconf 91' lang='lat' dir='ltr'>n.</span> <span class='ocrx_word' id='word_1_194' title='bbox 1218 3026 1316 3090; x_wconf 90' lang='grc'>18584</span> 
     </span>
     <span class='ocr_line' id='line_1_28' title="bbox 189 3126 1317 3210; baseline 0 -19"><span class='ocrx_word' id='word_1_195' title='bbox 189 3149 273 3192; x_wconf 87' lang='lat' dir='ltr'>saec.</span> <span class='ocrx_word' id='word_1_196' title='bbox 289 3127 326 3190; x_wconf 90' lang='lat' dir='ltr'>X</span> <span class='ocrx_word' id='word_1_197' title='bbox 341 3126 452 3190; x_wconf 85' lang='lat' dir='ltr'>littera</span> <span class='ocrx_word' id='word_1_198' title='bbox 472 3129 501 3207; x_wconf 89' lang='grc'>11,</span> <span class='ocrx_word' id='word_1_199' title='bbox 524 3127 650 3192; x_wconf 86' lang='lat' dir='ltr'>Paris.</span> <span class='ocrx_word' id='word_1_200' title='bbox 674 3151 705 3190; x_wconf 90' lang='lat' dir='ltr'>n.</span> <span class='ocrx_word' id='word_1_201' title='bbox 730 3127 813 3190; x_wconf 83' lang='lat'><strong>2168</strong></span> <span class='ocrx_word' id='word_1_202' title='bbox 838 3149 922 3190; x_wconf 87' lang='lat' dir='ltr'>saec.</span> <span class='ocrx_word' id='word_1_203' title='bbox 940 3126 996 3191; x_wconf 89' lang='lat' dir='ltr'>XI</span> <span class='ocrx_word' id='word_1_204' title='bbox 1012 3126 1076 3190; x_wconf 89' lang='lat' dir='ltr'>litt.</span> <span class='ocrx_word' id='word_1_205' title='bbox 1094 3128 1124 3210; x_wconf 84' lang='lat' dir='ltr'>u,</span> <span class='ocrx_word' id='word_1_206' title='bbox 1142 3126 1269 3193; x_wconf 90' lang='lat' dir='ltr'>Paris.</span> <span class='ocrx_word' id='word_1_207' title='bbox 1287 3152 1317 3192; x_wconf 90' lang='lat' dir='ltr'>n.</span> 
     </span>
     <span class='ocr_line' id='line_1_29' title="bbox 189 3229 1318 3317; baseline 0.002 -25"><span class='ocrx_word' id='word_1_208' title='bbox 189 3231 269 3294; x_wconf 84' lang='grc'>2781</span> <span class='ocrx_word' id='word_1_209' title='bbox 307 3253 391 3295; x_wconf 88' lang='lat' dir='ltr'>saec.</span> <span class='ocrx_word' id='word_1_210' title='bbox 424 3230 480 3295; x_wconf 91' lang='lat' dir='ltr'>XI</span> <span class='ocrx_word' id='word_1_211' title='bbox 512 3230 577 3294; x_wconf 89' lang='lat' dir='ltr'>litt.</span> <span class='ocrx_word' id='word_1_212' title='bbox 601 3233 620 3296; x_wconf 70' lang='lat' dir='ltr'>l&gt;</span> <span class='ocrx_word' id='word_1_213' title='bbox 644 3229 819 3317; x_wconf 84' lang='lat' dir='ltr'>significat.</span> <span class='ocrx_word' id='word_1_214' title='bbox 870 3229 975 3293; x_wconf 91' lang='lat' dir='ltr'>Paulo</span> <span class='ocrx_word' id='word_1_215' title='bbox 998 3231 1179 3296; x_wconf 89' lang='lat' dir='ltr'>uberiorem</span> <span class='ocrx_word' id='word_1_216' title='bbox 1204 3231 1318 3295; x_wconf 90' lang='lat' dir='ltr'>horum</span> 
     </span>
     <span class='ocr_line' id='line_1_30' title="bbox 189 3333 1320 3420; baseline 0 -23"><span class='ocrx_word' id='word_1_217' title='bbox 189 3341 222 3398; x_wconf 87' lang='lat' dir='ltr'>et</span> <span class='ocrx_word' id='word_1_218' title='bbox 249 3333 386 3397; x_wconf 88' lang='lat' dir='ltr'>aliorum</span> <span class='ocrx_word' id='word_1_219' title='bbox 415 3333 565 3398; x_wconf 89' lang='lat' dir='ltr'>codicum</span> <span class='ocrx_word' id='word_1_220' title='bbox 587 3333 782 3420; x_wconf 86' lang='lat' dir='ltr'>gallicorum</span> <span class='ocrx_word' id='word_1_221' title='bbox 804 3333 955 3397; x_wconf 85' lang='lat' dir='ltr'>notitiam</span> <span class='ocrx_word' id='word_1_222' title='bbox 978 3357 1015 3397; x_wconf 83' lang='lat' dir='ltr'>ex</span> <span class='ocrx_word' id='word_1_223' title='bbox 1040 3333 1183 3398; x_wconf 88' lang='lat' dir='ltr'>editione</span> <span class='ocrx_word' id='word_1_224' title='bbox 1206 3333 1320 3397; x_wconf 86' lang='lat' dir='ltr'>Bareti</span> 
     </span>
     <span class='ocr_line' id='line_1_31' title="bbox 190 3435 1319 3523; baseline -0.004 -20"><span class='ocrx_word' id='word_1_225' title='bbox 190 3438 272 3523; x_wconf 82' lang='lat' dir='ltr'>cepi.</span> <span class='ocrx_word' id='word_1_226' title='bbox 306 3438 358 3502; x_wconf 90' lang='lat' dir='ltr'>Ae</span> <span class='ocrx_word' id='word_1_227' title='bbox 380 3438 401 3502; x_wconf 87' lang='lat' dir='ltr'>ll</span> <span class='ocrx_word' id='word_1_228' title='bbox 422 3436 552 3521; x_wconf 86' lang='lat' dir='ltr'>quidem</span> <span class='ocrx_word' id='word_1_229' title='bbox 574 3437 630 3501; x_wconf 88' lang='lat' dir='ltr'>ille</span> <span class='ocrx_word' id='word_1_230' title='bbox 653 3437 738 3500; x_wconf 88' lang='lat' dir='ltr'>inter</span> <span class='ocrx_word' id='word_1_231' title='bbox 760 3437 936 3501; x_wconf 88' lang='lat' dir='ltr'>lacunosos</span> <span class='ocrx_word' id='word_1_232' title='bbox 960 3435 1069 3517; x_wconf 87' lang='lat' dir='ltr'>refert,</span> <span class='ocrx_word' id='word_1_233' title='bbox 1092 3436 1167 3501; x_wconf 88' lang='lat' dir='ltr'>item</span> <span class='ocrx_word' id='word_1_234' title='bbox 1191 3437 1319 3501; x_wconf 88' lang='lat' dir='ltr'>Paris.</span> 
     </span>
     <span class='ocr_line' id='line_1_32' title="bbox 190 3533 1318 3622; baseline -0.002 -20"><span class='ocrx_word' id='word_1_235' title='bbox 190 3563 220 3602; x_wconf 93' lang='lat' dir='ltr'>n.</span> <span class='ocrx_word' id='word_1_236' title='bbox 245 3541 329 3602; x_wconf 81' lang='grc'>2170</span> <span class='ocrx_word' id='word_1_237' title='bbox 346 3563 431 3603; x_wconf 91' lang='lat' dir='ltr'>saec.</span> <span class='ocrx_word' id='word_1_238' title='bbox 449 3538 534 3621; x_wconf 88' lang='lat' dir='ltr'>XII,</span> <span class='ocrx_word' id='word_1_239' title='bbox 551 3539 607 3622; x_wconf 92' lang='lat' dir='ltr'>qui</span> <span class='ocrx_word' id='word_1_240' title='bbox 625 3533 788 3604; x_wconf 79' lang='lat' dir='ltr'>Claudii</span> <span class='ocrx_word' id='word_1_241' title='bbox 806 3539 977 3602; x_wconf 87' lang='lat' dir='ltr'>Puteani</span> <span class='ocrx_word' id='word_1_242' title='bbox 996 3538 1069 3619; x_wconf 82' lang='lat' dir='ltr'>luit,</span> <span class='ocrx_word' id='word_1_243' title='bbox 1087 3562 1117 3602; x_wconf 92' lang='lat' dir='ltr'>n.</span> <span class='ocrx_word' id='word_1_244' title='bbox 1134 3541 1217 3605; x_wconf 75' lang='grc'>2184</span> <span class='ocrx_word' id='word_1_245' title='bbox 1234 3561 1318 3603; x_wconf 90' lang='lat' dir='ltr'>saec.</span> 
     </span>
     <span class='ocr_line' id='line_1_33' title="bbox 190 3642 1319 3725; baseline -0.001 -18"><span class='ocrx_word' id='word_1_246' title='bbox 190 3642 295 3725; x_wconf 88' lang='lat' dir='ltr'>XIII,</span> <span class='ocrx_word' id='word_1_247' title='bbox 313 3645 441 3706; x_wconf 72' lang='grc'>113477</span> <span class='ocrx_word' id='word_1_248' title='bbox 460 3665 545 3707; x_wconf 89' lang='lat' dir='ltr'>saec.</span> <span class='ocrx_word' id='word_1_249' title='bbox 561 3642 661 3724; x_wconf 88' lang='lat' dir='ltr'>XIV,</span> <span class='ocrx_word' id='word_1_250' title='bbox 677 3667 707 3705; x_wconf 90' lang='lat' dir='ltr'>n.</span> <span class='ocrx_word' id='word_1_251' title='bbox 725 3644 808 3707; x_wconf 89' lang='grc'>6360</span> <span class='ocrx_word' id='word_1_252' title='bbox 825 3665 910 3706; x_wconf 87' lang='lat' dir='ltr'>saec.</span> <span class='ocrx_word' id='word_1_253' title='bbox 926 3642 1026 3723; x_wconf 91' lang='lat' dir='ltr'>XIV,</span> <span class='ocrx_word' id='word_1_254' title='bbox 1049 3665 1079 3704; x_wconf 90' lang='lat' dir='ltr'>n.</span> <span class='ocrx_word' id='word_1_255' title='bbox 1108 3644 1208 3704; x_wconf 88' lang='grc'>14296</span> <span class='ocrx_word' id='word_1_256' title='bbox 1233 3663 1319 3706; x_wconf 85' lang='lat' dir='ltr'>saec.</span> 
     </span>
     <span class='ocr_line' id='line_1_34' title="bbox 190 3744 1320 3829; baseline -0.001 -20"><span class='ocrx_word' id='word_1_257' title='bbox 190 3745 292 3825; x_wconf 83' lang='lat' dir='ltr'>XIV;</span> <span class='ocrx_word' id='word_1_258' title='bbox 324 3746 357 3809; x_wconf 93' lang='lat' dir='ltr'>in</span> <span class='ocrx_word' id='word_1_259' title='bbox 391 3745 584 3829; x_wconf 92' lang='lat' dir='ltr'>quibusdam</span> <span class='ocrx_word' id='word_1_260' title='bbox 617 3767 727 3809; x_wconf 90' lang='lat' dir='ltr'>eorum</span> <span class='ocrx_word' id='word_1_261' title='bbox 761 3744 895 3810; x_wconf 87' lang='lat' dir='ltr'>lacunas</span> <span class='ocrx_word' id='word_1_262' title='bbox 929 3752 1045 3829; x_wconf 88' lang='lat' dir='ltr'>postea</span> <span class='ocrx_word' id='word_1_263' title='bbox 1072 3744 1219 3829; x_wconf 85' lang='lat' dir='ltr'>expletas</span> <span class='ocrx_word' id='word_1_264' title='bbox 1248 3766 1320 3808; x_wconf 86' lang='lat' dir='ltr'>esse</span> 
     </span>
     <span class='ocr_line' id='line_1_35' title="bbox 192 3848 1319 3914; baseline -0.004 0"><span class='ocrx_word' id='word_1_265' title='bbox 192 3849 283 3914; x_wconf 91' lang='lat' dir='ltr'>dicit.</span> <span class='ocrx_word' id='word_1_266' title='bbox 316 3850 395 3913; x_wconf 90' lang='lat' dir='ltr'>Non</span> <span class='ocrx_word' id='word_1_267' title='bbox 417 3849 553 3914; x_wconf 89' lang='lat' dir='ltr'>multum</span> <span class='ocrx_word' id='word_1_268' title='bbox 576 3850 617 3914; x_wconf 92' lang='lat' dir='ltr'>iis</span> <span class='ocrx_word' id='word_1_269' title='bbox 641 3848 818 3914; x_wconf 90' lang='lat' dir='ltr'>dissimiles</span> <span class='ocrx_word' id='word_1_270' title='bbox 847 3848 879 3912; x_wconf 94' lang='lat' dir='ltr'>hi</span> <span class='ocrx_word' id='word_1_271' title='bbox 903 3848 1055 3914; x_wconf 89' lang='lat' dir='ltr'>videntur</span> <span class='ocrx_word' id='word_1_272' title='bbox 1077 3871 1164 3913; x_wconf 88' lang='lat' dir='ltr'>esse:</span> <span class='ocrx_word' id='word_1_273' title='bbox 1193 3849 1319 3913; x_wconf 88' lang='lat' dir='ltr'>Paris.</span> 
     </span>
     <span class='ocr_line' id='line_1_36' title="bbox 193 3951 1319 4037; baseline -0.003 -21"><span class='ocrx_word' id='word_1_274' title='bbox 193 3976 223 4016; x_wconf 90' lang='lat' dir='ltr'>n.</span> <span class='ocrx_word' id='word_1_275' title='bbox 259 3954 362 4016; x_wconf 89' lang='grc'>14490</span> <span class='ocrx_word' id='word_1_276' title='bbox 401 3975 485 4016; x_wconf 89' lang='lat' dir='ltr'>saec.</span> <span class='ocrx_word' id='word_1_277' title='bbox 524 3952 610 4032; x_wconf 91' lang='lat' dir='ltr'>XII,</span> <span class='ocrx_word' id='word_1_278' title='bbox 650 3951 1037 4037; x_wconf 86' lang='lat' dir='ltr'>Montepessulanus</span> <span class='ocrx_word' id='word_1_279' title='bbox 1071 3975 1101 4014; x_wconf 92' lang='lat' dir='ltr'>n.</span> <span class='ocrx_word' id='word_1_280' title='bbox 1138 3953 1199 4014; x_wconf 88' lang='grc'>445</span> <span class='ocrx_word' id='word_1_281' title='bbox 1235 3973 1319 4016; x_wconf 86' lang='lat' dir='ltr'>saec.</span> 
     </span>
     <span class='ocr_line' id='line_1_37' title="bbox 192 4049 1319 4136; baseline -0.003 -15"><span class='ocrx_word' id='word_1_282' title='bbox 192 4056 405 4121; x_wconf 90' lang='lat' dir='ltr'>XII—XIII</span> <span class='ocrx_word' id='word_1_283' title='bbox 427 4063 460 4120; x_wconf 89' lang='lat' dir='ltr'>et</span> <span class='ocrx_word' id='word_1_284' title='bbox 482 4079 513 4119; x_wconf 92' lang='lat' dir='ltr'>n.</span> <span class='ocrx_word' id='word_1_285' title='bbox 537 4058 595 4118; x_wconf 83' lang='lat'>541</span> <span class='ocrx_word' id='word_1_286' title='bbox 622 4077 705 4120; x_wconf 87' lang='lat' dir='ltr'>saec.</span> <span class='ocrx_word' id='word_1_287' title='bbox 729 4054 952 4136; x_wconf 84' lang='lat' dir='ltr'>XII-XIII,</span> <span class='ocrx_word' id='word_1_288' title='bbox 981 4055 1057 4119; x_wconf 85' lang='lat' dir='ltr'>item</span> <span class='ocrx_word' id='word_1_289' title='bbox 1086 4049 1319 4119; x_wconf 81' lang='lat' dir='ltr'>Claromon·</span> 
     </span>
     <span class='ocr_line' id='line_1_38' title="bbox 193 4145 602 4225; baseline -0.005 -1"><span class='ocrx_word' id='word_1_290' title='bbox 193 4145 324 4224; x_wconf 89' lang='lat' dir='ltr'>tensis</span> <span class='ocrx_word' id='word_1_291' title='bbox 347 4183 377 4222; x_wconf 90' lang='lat' dir='ltr'>n.</span> <span class='ocrx_word' id='word_1_292' title='bbox 406 4161 463 4223; x_wconf 92' lang='grc'>195</span> <span class='ocrx_word' id='word_1_293' title='bbox 489 4182 514 4223; x_wconf 91' lang='lat' dir='ltr'>s.</span> <span class='ocrx_word' id='word_1_294' title='bbox 537 4160 602 4225; x_wconf 90' lang='lat' dir='ltr'>XI.</span> 
     </span>
    </p>

    <p class='ocr_par' dir='ltr' id='par_1_7' title="bbox 194 4259 1323 4454">
     <span class='ocr_line' id='line_1_39' title="bbox 296 4259 1323 4350; baseline 0 -24"><span class='ocrx_word' id='word_1_295' title='bbox 296 4264 317 4326; x_wconf 81' lang='lat' dir='ltr'>o</span> <span class='ocrx_word' id='word_1_296' title='bbox 346 4261 502 4341; x_wconf 89' lang='lat' dir='ltr'>codicem,</span> <span class='ocrx_word' id='word_1_297' title='bbox 530 4285 624 4346; x_wconf 88' lang='lat' dir='ltr'>quem</span> <span class='ocrx_word' id='word_1_298' title='bbox 652 4284 789 4348; x_wconf 87' lang='lat' dir='ltr'>prorsus</span> <span class='ocrx_word' id='word_1_299' title='bbox 813 4261 956 4350; x_wconf 84' lang='lat' dir='ltr'>neglexit</span> <span class='ocrx_word' id='word_1_300' title='bbox 979 4261 1130 4344; x_wconf 88' lang='lat' dir='ltr'>Baretus,</span> <span class='ocrx_word' id='word_1_301' title='bbox 1157 4260 1193 4326; x_wconf 89' lang='lat' dir='ltr'>X</span> <span class='ocrx_word' id='word_1_302' title='bbox 1216 4259 1323 4326; x_wconf 90' lang='lat' dir='ltr'>codici</span> 
     </span>
     <span class='ocr_line' id='line_1_40' title="bbox 194 4366 611 4454; baseline -0.002 -23"><span class='ocrx_word' id='word_1_303' title='bbox 194 4366 332 4431; x_wconf 87' lang='lat' dir='ltr'>similem</span> <span class='ocrx_word' id='word_1_304' title='bbox 354 4389 428 4432; x_wconf 87' lang='lat' dir='ltr'>esse</span> <span class='ocrx_word' id='word_1_305' title='bbox 450 4368 611 4454; x_wconf 90' lang='lat' dir='ltr'>suspicor.</span> 
     </span>
    </p>
   </div>
   <div class='ocr_carea' id='block_1_3' title="bbox 0 0 1605 4908">
    <p class='ocr_par' dir='ltr' id='par_1_8' title="bbox 0 0 1605 4908">
     <span class='ocr_line' id='line_1_41' title="bbox 0 0 1605 4908; baseline 0 0"><span class='ocrx_word' id='word_1_306' title='bbox 0 0 1605 4908; x_wconf 95' lang='lat' dir='ltr'> </span> 
     </span>
    </p>
   </div>
  </div>
 </body>
</html>
