3186 4900
1228 280 1269 371 ss

185 471 322 554 conieci,
345 472 392 536 ita
413 471 560 558 intellegi
586 470 727 557 possint,
744 479 780 535 ut
802 469 914 534 eadem
932 470 999 534 sint
1019 493 1057 535 ac
1073 482 1194 554 qaarrta
1217 483 1312 534 erant

184 579 325 662 nepotia.
369 575 421 639 De
441 576 615 660 provincia
639 573 688 638 cfr
710 596 761 660 ep.
775 574 807 639 V
830 575 955 661 7(325)
981 574 1016 637 ln'
1038 587 1122 655 sont,
1141 594 1217 661 qnos
1236 573 1313 638 haec

179 680 592 764 pecoliariterprccinci
599 701 618 741 a
635 689 741 742 monet
759 678 884 763 inferre
897 680 1087 760 calumnias,
1099 677 1227 762 deferre
1235 699 1312 763 per-

184 806 288 862 sonas,
312 781 367 846 ubi
396 781 497 846 miror
529 781 652 846 Bareto
684 793 792 845 rnanet
816 780 870 844 vix
893 780 1040 867 intellegi
1064 803 1174 868 posse,
1198 781 1256 846 sed
1279 782 1312 846 in

184 898 306 952 maeret
317 908 390 950 esse
402 884 591 949 mutandum
604 884 716 949 videri.
745 883 929 949 Hiceutem
941 893 992 949 est
1004 885 1072 949 leae
1095 887 1311 950 occasione.

183 990 415 1076 Explicatione
437 988 568 1053 facilior
590 995 641 1052 est
664 988 836 1070 eorrectio,
860 1010 931 1052 etim
955 995 987 1052 et
1011 993 1063 1052 cni
1084 1012 1144 1074 pro
1167 991 1224 1076 qai
1246 1011 1311 1052 non

184 1117 256 1159 raro
281 1094 441 1179 scriptum
464 1091 647 1156 inveniatur
665 1099 697 1156 et
709 1114 771 1178 per
786 1099 819 1156 et
831 1112 896 1178 pro
910 1115 968 1178 per
981 1091 1174 1178 compendia
1187 1091 1312 1178 scripta

182 1196 375 1284 saepissime
397 1193 648 1260 confundantur.

285 1505 348 1592 Ep.
378 1504 410 1569 V
439 1506 458 1567 2
492 1504 597 1588 (329).
646 1502 751 1566 Hnins
776 1504 923 1566 lectionis
957 1505 1100 1568 ctoritate
1135 1507 1310 1569 laetatae

182 1613 449 1696 recitataeque
483 1608 674 1671 maturitate
706 1609 830 1692 raptim
858 1607 1082 1671 recensendam
1112 1613 1311 1696 transferen-

181 1716 316 1800 damque
338 1725 373 1778 at
396 1712 526 1776 videras
549 1714 677 1795 petisti,
699 1722 735 1774 at
759 1713 905 1794 petieras
929 1712 1115 1797 impetrasti
1137 1712 1193 1776 sab
1218 1734 1310 1798 spon·

181 1821 268 1883 sione
293 1820 376 1881 citae
399 1815 639 1880 redhibitionis.

283 1920 347 1985 tto.
392 1918 679 2005 Eccitatnsqae
702 1940 742 1982 ex
764 1917 887 1982 AHV
911 1918 1041 2004 scripsi,
1064 1941 1128 1982 non
1152 1922 1310 1984 enercita-

181 2035 301 2110 tneque,
323 2021 411 2108 quod
445 2021 566 2086 habent
588 2018 783 2086 Sirmondus
811 2021 960 2108 Mignins
984 2021 1134 2086 Baretus.
1178 2023 1309 2088 Elmen-

181 2125 327 2191 horstius
351 2127 573 2192 oblectatns
591 2135 867 2212 permotasqne
890 2124 1005 2206 edidit,
1023 2123 1235 2191 Wouwerius
1258 2149 1309 2191 ea·-

180 2233 262 2295 citns
296 2230 441 2316 scripsit,
464 2231 638 2294 oblectatae
669 2240 834 2315 permotos
868 2230 1048 2318 encitnsqae
1072 2253 1111 2294 ex
1135 2253 1199 2295 uno
1223 2231 1307 2296 libro

180 2333 323 2398 adnotat.
368 2334 419 2398 Ex
453 2356 517 2419 quo
553 2340 690 2419 apparet
722 2336 880 2398 encitatas
903 2333 954 2399 vel
978 2337 1098 2400 cacitas
1121 2359 1140 2399 a
1162 2335 1306 2400 librariis

178 2459 244 2500 non
273 2436 355 2501 setis
389 2435 566 2517 intellect0,
589 2435 737 2520 qrtemvis
768 2435 848 2501 nihil
877 2437 996 2502 habent
1018 2437 1227 2504 difficultatis
1251 2448 1307 2504 aut

178 2538 404 2622 dubitationis,
427 2547 484 2603 aut
513 2551 678 2624 peraratas
706 2540 892 2625 explicandi
920 2563 1020 2606 carisa
1048 2543 1307 2629 superscriptum

178 2666 250 2709 esse
274 2652 339 2726 aut,
363 2645 391 2709 si
415 2643 478 2709 hoc
491 2667 530 2709 ex
542 2643 713 2709 codicibus
732 2645 873 2730 sumpsit
885 2641 1089 2727 Sirmondus,
1112 2649 1307 2711 enercitatne

177 2748 368 2833 repositum,
391 2746 479 2832 quod
502 2770 574 2813 etim
597 2750 788 2812 maturitate
823 2747 937 2812 melius
961 2748 1117 2836 coniungi
1140 2750 1306 2815 existima-

177 2859 258 2933 rent,
292 2851 422 2934 librum,
456 2850 495 2916 de
528 2873 592 2936 quo
627 2850 749 2916 mentio
773 2859 834 2932 est,
862 2851 916 2915 vix
939 2873 1011 2918 esse
1033 2852 1217 2940 inspectum
1241 2877 1305 2919 non

175 2953 336 3020 videntes.

277 3264 340 3350 Ep.
366 3264 398 3329 V
420 3265 440 3328 3
463 3263 567 3349 (323).
615 3262 696 3328 Ecce
720 3265 803 3351 qnod
826 3269 952 3350 apianae
975 3268 1213 3351 indicamus,
1238 3291 1304 3334 ecce

175 3369 279 3434 adlrnc
311 3367 389 3452 qnid
423 3370 531 3451 epatis
565 3369 771 3454 inquirimus.
816 3368 874 3434 Fit
903 3394 923 3434 a
949 3382 1065 3436 nostre
1092 3384 1192 3458 parte
1221 3376 1305 3458 qaod
1381 3399 1384 3406 ’

171 3475 263 3558 piane
286 3482 343 3552 est,
365 3493 419 3534 cos
443 3471 590 3557 deinceps
610 3473 710 3551 facite
734 3473 816 3559 qaod
839 3474 979 3539 ridetur.
1016 3476 1104 3541 Illud
1127 3499 1202 3541 sane
1218 3481 1304 3543 ceint

176 3576 335 3641 Atticas
360 3577 442 3659 lepes
464 3577 514 3638 ita
537 3595 612 3639 aare
636 3576 756 3640 credite
778 3579 928 3659 incisam,
945 3601 1002 3643 nos
1026 3581 1080 3644 snb
1105 3601 1161 3664 ope
1176 3579 1304 3646 Geron·

173 3700 344 3764 nnrnqnarn
378 3678 577 3742 admissuros
616 3681 739 3744 amoris
773 3684 961 3764 terrninnrn,
1002 3686 1090 3748 coins
1124 3685 1302 3750 stadairnns

164 3783 311 3870 fundare
331 3782 541 3867 principiam.

275 3885 340 3949 stt.
387 3885 573 3950 Indicamas
596 3909 635 3949 ex
659 3886 690 3948 A
702 3886 736 3951 H
751 3886 783 3951 V
806 3886 936 3974 scripsi,
959 3891 1173 3957 indicavimus
1196 3893 1302 3960 Wou-

174 3991 292 4054 werius
321 3986 515 4054 Sirmondus
544 3989 693 4077 Mignius
722 3989 861 4055 Baretus
885 3991 1014 4058 habent.
1059 3995 1148 4061 Illud
1171 4019 1243 4062 cnm
1257 4000 1301 4082 stc

172 4092 260 4176 quod
284 4092 431 4177 sequitur
452 4091 593 4176 quodam
615 4092 712 4158 moda
736 4095 898 4180 congruit.

276 4196 340 4262 302.
380 4195 446 4260 Pro
471 4199 589 4261 atticas
613 4197 723 4262 nescio
748 4221 788 4262 an
812 4199 1019 4265 scribendum
1042 4202 1087 4266 sit
1104 4208 1290 4293 antiquas

171 4299 259 4386 quod
282 4323 343 4388 ego
367 4301 504 4384 conieci,
521 4299 732 4371 Wouwerius
757 4326 796 4368 ex
818 4299 899 4392 Opt.
917 4297 958 4372 Ο.
977 4304 1092 4372 adfert.
1128 4301 1191 4375 Ofr
1213 4309 1298 4378 Plin.
