3172 4908
333 263 371 322 111

389 448 536 533 11013
561 447 663 531 (186).
708 447 730 510 I
760 473 842 513 nuno
875 461 906 512 et
935 451 1057 538 lepibus
1080 474 1127 518 me
1152 455 1290 520 ambitus
1314 458 1416 519 inter-

291 561 443 638 ropotum
470 563 581 614 senatu
608 571 708 633 moue,
732 573 789 616 our
815 553 1045 639 adipiscendae
1068 555 1231 641 dipnitati
1254 558 1416 623 beredita-

288 658 359 717 riae
395 656 482 718 curis
513 655 730 740 persipil'bus
764 655 962 735 incumbam3
1001 662 1054 723 aui
1082 670 1182 744 puter
1216 681 1305 725 socer
1338 684 1415 726 uuus

283 777 458 842 proauus
481 761 701 845 praesentaris
734 758 1415 850 0010010000110010010000,01091010νὶ10

283 863 449 944 palatinis
472 860 742 948 militaribusque
764 865 955 927 micuerunt.

389 981 435 1045 24.
479 979 531 1044 De
555 1003 678 1067 proavo
704 978 834 1045 Sidonii
857 981 1099 1068 honoribusque
1122 987 1191 1049 eius
1221 982 1414 1050 Sirmondus

288 1109 305 1147 a
332 1107 366 1147 se
389 1083 565 1166 quidquam
589 1081 708 1147 lectum
732 1105 805 1149 esse
828 1093 935 1171 negat,
959 1086 1011 1150 001
1030 1088 1208 1152 assentitur
1230 1085 1416 1176 Buedinge-

287 1209 343 1250 rus
374 1185 463 1270 (libr.
487 1208 602 1249 oonnn.
625 1210 701 1272 pag.
728 1190 790 1268 101,
815 1196 847 1250 01
869 1187 932 1252 hoo
960 1187 1034 1252 1000
1064 1189 1097 1253 10
1120 1190 1152 1253 A
1175 1189 1301 1272 coeliae,
1328 1192 1415 1276 quod

290 1290 403 1370 seiam,
437 1288 509 1352 solo
544 1297 660 1374 postea
693 1289 821 1353 demum
855 1288 1000 1355 additum
1035 1301 1086 1356 est
1107 1293 1241 1358 uerbum
1260 1314 1414 1380 proauus,

286 1391 375 1476 quod
411 1399 518 1455 utrum
549 1392 654 1478 prima
682 1415 776 1456 manu
806 1414 907 1458 neone
942 1393 986 1458 sit
1015 1393 1136 1459 1001001
1170 1393 1303 1460 dubium
1326 1397 1415 1462 vide-

288 1510 351 1559 tur.
397 1494 623 1559 Librariornm
657 1503 693 1558 nt
727 1495 875 1580 suspicer
908 1495 970 1561 hoo
998 1518 1071 1560 esse
1105 1495 1360 1564 additamentum
1383 1509 1415 1564 et

287 1598 363 1662 aliis
386 1597 470 1662 10010
494 1596 640 1661 adducor
663 1605 696 1662 et
717 1620 768 1683 ep.
792 1597 809 1661 Ι
833 1600 851 1661 9
875 1600 968 1684 (197)
992 1601 1135 1665 Auienus
1158 1603 1189 1664 si
1216 1603 1294 1688 quid
1325 1616 1414 1690 pote-

287 1714 343 1764 rut
375 1705 410 1765 10
439 1703 522 1786 Ι111110
545 1702 673 1786 poneris
698 1701 868 1786 fratribus
890 1703 1109 1788 prouehendis
1131 1704 1336 1784 moliebatur,
1359 1707 1414 1771 ubi

287 1814 366 1890 post
390 1803 562 1892 fratribus
596 1803 743 1867 additum
777 1814 829 1868 est
861 1818 954 1892 atque
982 1807 1150 1892 nepotibus
1173 1807 1207 1871 in
1230 1805 1414 1872 Wouwerii

286 1908 442 1988 editione,
465 1907 554 1991 quod
577 1907 605 1970 is
628 1929 821 1991 quamquam
844 1931 960 1972 novem
983 1908 1077 1973 libris
1101 1909 1216 1974 abesse
1239 1908 1330 1992 dicit,
1349 1934 1414 1975 non

287 2011 401 2076 dubito
435 2011 513 2094 quin
536 2010 569 2072 in
593 2008 701 2094 aliquo
737 2009 851 2075 oodioe
884 2011 1075 2098 reppererit.
1129 2007 1254 2076 Sauara
1289 2013 1323 2076 in
1346 2014 1414 2076 vita

288 2109 431 2194 Sidonii,
459 2135 555 2197 quam
589 2113 725 2178 editioni
754 2135 830 2177 suae
853 2115 1033 2199 praemisit,
1055 2123 1092 2178 ut
1113 2116 1233 2200 probet
1257 2138 1414 2202 proavum

287 2213 418 2281 Sidonii
443 2239 543 2300 aeque
566 2215 725 2280 illustrem
749 2224 845 2300 atque
869 2217 1098 2298 meminisse,
1123 2240 1196 2282 oum
1218 2217 1319 2282 multa
1337 2241 1415 2282 000-

286 2320 392 2406 gerit,·
404 2318 522 2402 quibus
544 2318 632 2402 quod
653 2317 725 2381 vult
747 2340 812 2381 000
829 2319 959 2404 probat,
972 2329 1039 2382 tum
1057 2342 1154 2384 unum
1172 2318 1279 2384 adfert
1293 2319 1413 2402 locum,

285 2444 380 2506 quem
406 2421 510 2486 solum
534 2423 567 2484 in
590 2421 685 2485 huius
709 2443 803 2504 quem
820 2429 997 2486 tractamus
1014 2422 1080 2486 1001
1097 2421 1309 2488 adnotatione
1326 2447 1413 2488 eom·

288 2532 455 2604 memorat,
479 2547 529 2610 ep.
554 2523 611 2589 III
636 2524 781 2608 laren)
805 2545 914 2605 earm„
936 2523 991 2588 ubi
1015 2520 1173 2589 Sidonius
1197 2549 1301 2605 ausim,
1325 2525 1412 2612 quod

284 2627 416 2714 primus
440 2627 480 2691 de
508 2638 604 2712 gorne
633 2649 691 2689 sua
718 2624 917 2690 christianus
946 2625 990 2690 sit
1020 2626 1138 2708 laetus,
1162 2627 1298 2694 laudans
1332 2629 1412 2694 haee

284 2729 379 2795 dicit:

439 2833 510 2898 Hoc
529 2837 674 2918 primum
697 2846 742 2898 est
766 2834 868 2912 decus,
892 2833 968 2898 baso
991 2834 1129 2918 superbe
1152 2837 1257 2898 uirtus

438 2960 490 3022 spe
508 2937 704 3024 praecedere
728 2957 804 3022 quos
828 2935 975 2999 bonore
997 2935 1151 3023 iuapas,

437 3043 551 3127 quique
576 3040 629 3103 leir-
652 3051 725 3104 suut
749 3041 886 3104 titulis
906 3059 1026 3123 pares
1043 3050 1244 3124 parentes,

438 3144 493 3208 isos
517 3145 588 3207 illio
610 3146 737 3207 meritis
761 3143 977 3228 superuenire.

283 3297 351 3365 Sed
379 3323 419 3364 ne
448 3298 512 3363 hoo
546 3297 676 3382 quidem
711 3297 786 3362 1000
820 3296 942 3362 diserte
964 3306 997 3362 et
1017 3296 1115 3383 plane
1137 3297 1220 3362 dicit
1242 3319 1409 3383 proavum.

286 3399 501 3485 Quocumque
522 3401 621 3466 modo
644 3423 696 3466 res
720 3422 755 3466 se
778 3400 885 3482 habet,
908 3400 1009 3487 digno
1030 3400 1110 3465 mihi
1132 3401 1205 3465 visa
1227 3410 1279 3466 est
1299 3402 1333 3464 A
1356 3423 1410 3465 oo·

285 3504 370 3571 diois
393 3505 596 3588 leetio‚quae
619 3528 639 3568 a
659 3505 740 3570 viris
762 3503 870 3568 doctis
893 3503 1139 3569 examinaretur.

386 3625 432 3691 25.
477 3623 684 3689 Militaribus
714 3625 837 3688 omisso
866 3644 924 3709 que
952 3623 1092 3688 Baretus
1121 3623 1212 3687 solus
1240 3645 1299 3708 per
1321 3646 1410 3688 erro·

280 3751 347 3793 rem
370 3726 482 3792 edidit.

383 4052 529 4138 Ep.14
553 4053 657 4138 (188).
701 4050 856 4140 Spectari
890 4053 975 4118 asili
1007 4053 1119 4117 uideor
1153 4053 1308 4118 bonorum
1328 4073 1406 4138 paee

275 4157 432 4245 praefata
465 4157 559 4220 illam
582 4158 618 4219 in
641 4155 764 4221 inuidis
798 4158 967 4242 ipnaviam
1001 4155 1234 4242 superbientem
1267 4168 1297 4220 et
1323 4155 1407 4221 illud

280 4259 453 4326 militandi
474 4259 633 4325 inertibus
646 4259 823 4346 familiare
841 4259 1026 4340 fastidium,
1051 4281 1120 4325 oum
1143 4283 1162 4324 u
1184 4261 1407 4345 desperatione
