<?xml version="1.0" encoding="UTF-8"?>
<!DOCTYPE html PUBLIC "-//W3C//DTD XHTML 1.0 Transitional//EN"
    "http://www.w3.org/TR/xhtml1/DTD/xhtml1-transitional.dtd">
<html xmlns="http://www.w3.org/1999/xhtml" xml:lang="en" lang="en">
 <head>
  <title>
</title>
<meta http-equiv="Content-Type" content="text/html;charset=utf-8" />
  <meta name='ocr-system' content='tesseract 3.04.00' />
  <meta name='ocr-capabilities' content='ocr_page ocr_carea ocr_par ocr_line ocrx_word'/>
</head>
<body>
  <div class='ocr_page' id='page_1' title='image "./deapollinarisid00gustgoog_0070.png"; bbox 0 0 3172 4908; ppageno 0'>
   <div class='ocr_carea' id='block_1_1' title="bbox 1204 247 1242 310">
    <p class='ocr_par' dir='ltr' id='par_1_1' title="bbox 1204 247 1242 310">
     <span class='ocr_line' id='line_1_1' title="bbox 1204 247 1242 310; baseline 0.026 -1"><span class='ocrx_word' id='word_1_1' title='bbox 1204 247 1242 310; x_wconf 83' lang='lat'>41</span> 
     </span>
    </p>
   </div>
   <div class='ocr_carea' id='block_1_2' title="bbox 87 431 1291 4054">
    <p class='ocr_par' dir='ltr' id='par_1_2' title="bbox 162 431 1290 728">
     <span class='ocr_line' id='line_1_2' title="bbox 267 431 1290 522; baseline -0.006 -22"><span class='ocrx_word' id='word_1_2' title='bbox 267 435 329 501; x_wconf 76' lang='lat' dir='ltr'>tri.</span> <span class='ocrx_word' id='word_1_3' title='bbox 373 435 558 522; x_wconf 75' lang='lat' dir='ltr'>Appiadec,</span> <span class='ocrx_word' id='word_1_4' title='bbox 581 433 668 519; x_wconf 90' lang='lat' dir='ltr'>quod</span> <span class='ocrx_word' id='word_1_5' title='bbox 697 442 747 500; x_wconf 89' lang='lat' dir='ltr'>est</span> <span class='ocrx_word' id='word_1_6' title='bbox 774 435 808 498; x_wconf 92' lang='lat' dir='ltr'>in</span> <span class='ocrx_word' id='word_1_7' title='bbox 836 433 956 500; x_wconf 90' lang='lat' dir='ltr'>HRV</span> <span class='ocrx_word' id='word_1_8' title='bbox 979 431 1218 520; x_wconf 87' lang='lat' dir='ltr'>(superscripto</span> <span class='ocrx_word' id='word_1_9' title='bbox 1241 433 1290 494; x_wconf 83' lang='lat' dir='ltr'>vei</span> 
     </span>
     <span class='ocr_line' id='line_1_3' title="bbox 164 531 1290 626; baseline -0.001 -28"><span class='ocrx_word' id='word_1_10' title='bbox 164 537 254 626; x_wconf 77' lang='lat' dir='ltr'>daris)</span> <span class='ocrx_word' id='word_1_11' title='bbox 279 539 346 603; x_wconf 85' lang='lat' dir='ltr'>FL</span> <span class='ocrx_word' id='word_1_12' title='bbox 369 548 402 604; x_wconf 87' lang='lat' dir='ltr'>et</span> <span class='ocrx_word' id='word_1_13' title='bbox 423 540 457 603; x_wconf 92' lang='lat' dir='ltr'>in</span> <span class='ocrx_word' id='word_1_14' title='bbox 480 539 523 619; x_wconf 91' lang='lat' dir='ltr'>A,</span> <span class='ocrx_word' id='word_1_15' title='bbox 546 538 581 602; x_wconf 93' lang='lat' dir='ltr'>ni</span> <span class='ocrx_word' id='word_1_16' title='bbox 615 537 723 618; x_wconf 87' lang='lat' dir='ltr'>fallor,</span> <span class='ocrx_word' id='word_1_17' title='bbox 756 537 922 624; x_wconf 82' lang='lat' dir='ltr'>posterius</span> <span class='ocrx_word' id='word_1_18' title='bbox 956 535 1124 622; x_wconf 89' lang='lat' dir='ltr'>scriptum,</span> <span class='ocrx_word' id='word_1_19' title='bbox 1149 531 1290 598; x_wconf 88' lang='lat' dir='ltr'>Savaro·</span> 
     </span>
     <span class='ocr_line' id='line_1_4' title="bbox 162 640 934 728; baseline 0 -25"><span class='ocrx_word' id='word_1_20' title='bbox 162 662 234 704; x_wconf 89' lang='lat' dir='ltr'>nem</span> <span class='ocrx_word' id='word_1_21' title='bbox 258 640 600 728; x_wconf 84' lang='lat' dir='ltr'>Elmenhorstiumque</span> <span class='ocrx_word' id='word_1_22' title='bbox 628 642 801 706; x_wconf 83' lang='lat' dir='ltr'>retinuisse</span> <span class='ocrx_word' id='word_1_23' title='bbox 824 641 934 704; x_wconf 91' lang='lat' dir='ltr'>miror.</span> 
     </span>
    </p>

    <p class='ocr_par' dir='ltr' id='par_1_3' title="bbox 163 737 1290 936">
     <span class='ocr_line' id='line_1_5' title="bbox 267 737 1289 830; baseline -0.007 -21"><span class='ocrx_word' id='word_1_24' title='bbox 267 745 329 810; x_wconf 79' lang='lat' dir='ltr'>nt.</span> <span class='ocrx_word' id='word_1_25' title='bbox 374 745 440 810; x_wconf 91' lang='lat' dir='ltr'>Pro</span> <span class='ocrx_word' id='word_1_26' title='bbox 466 749 652 826; x_wconf 81' lang='lat' dir='ltr'>conectitur,</span> <span class='ocrx_word' id='word_1_27' title='bbox 665 745 752 830; x_wconf 91' lang='lat' dir='ltr'>quod</span> <span class='ocrx_word' id='word_1_28' title='bbox 775 753 826 809; x_wconf 90' lang='lat' dir='ltr'>est</span> <span class='ocrx_word' id='word_1_29' title='bbox 848 744 882 807; x_wconf 87' lang='lat' dir='ltr'>in</span> <span class='ocrx_word' id='word_1_30' title='bbox 904 743 936 808; x_wconf 96' lang='lat' dir='ltr'>A</span> <span class='ocrx_word' id='word_1_31' title='bbox 954 750 986 807; x_wconf 92' lang='lat' dir='ltr'>et</span> <span class='ocrx_word' id='word_1_32' title='bbox 997 742 1040 822; x_wconf 93' lang='lat' dir='ltr'>V,</span> <span class='ocrx_word' id='word_1_33' title='bbox 1057 739 1140 806; x_wconf 90' lang='lat' dir='ltr'>male</span> <span class='ocrx_word' id='word_1_34' title='bbox 1164 737 1289 804; x_wconf 86' lang='lat' dir='ltr'>Savaro</span> 
     </span>
     <span class='ocr_line' id='line_1_6' title="bbox 163 842 1290 936; baseline -0.006 -24"><span class='ocrx_word' id='word_1_35' title='bbox 163 847 491 934; x_wconf 83' lang='lat' dir='ltr'>Elmenhorstiusque</span> <span class='ocrx_word' id='word_1_36' title='bbox 522 852 745 936; x_wconf 72' lang='lat' dir='ltr'>complectitur</span> <span class='ocrx_word' id='word_1_37' title='bbox 772 854 963 935; x_wconf 88' lang='lat' dir='ltr'>posuerunt,</span> <span class='ocrx_word' id='word_1_38' title='bbox 987 846 1074 931; x_wconf 91' lang='lat' dir='ltr'>quod</span> <span class='ocrx_word' id='word_1_39' title='bbox 1097 845 1131 908; x_wconf 92' lang='lat' dir='ltr'>in</span> <span class='ocrx_word' id='word_1_40' title='bbox 1153 843 1187 908; x_wconf 93' lang='lat' dir='ltr'>H</span> <span class='ocrx_word' id='word_1_41' title='bbox 1211 842 1290 906; x_wconf 90' lang='lat' dir='ltr'>vidi.</span> 
     </span>
    </p>

    <p class='ocr_par' dir='ltr' id='par_1_4' title="bbox 87 946 1291 4054">
     <span class='ocr_line' id='line_1_7' title="bbox 267 946 1289 1040; baseline -0.006 -24"><span class='ocrx_word' id='word_1_42' title='bbox 267 952 330 1018; x_wconf 76' lang='lat' dir='ltr'>itt.</span> <span class='ocrx_word' id='word_1_43' title='bbox 385 953 575 1040; x_wconf 83' lang='lat' dir='ltr'>Purpuras,</span> <span class='ocrx_word' id='word_1_44' title='bbox 615 954 703 1038; x_wconf 92' lang='lat' dir='ltr'>quod</span> <span class='ocrx_word' id='word_1_45' title='bbox 739 977 779 1017; x_wconf 85' lang='lat' dir='ltr'>ex</span> <span class='ocrx_word' id='word_1_46' title='bbox 819 951 969 1016; x_wconf 89' lang='lat' dir='ltr'>omnibns</span> <span class='ocrx_word' id='word_1_47' title='bbox 1013 949 1080 1014; x_wconf 87' lang='lat' dir='ltr'>fere</span> <span class='ocrx_word' id='word_1_48' title='bbox 1119 946 1289 1012; x_wconf 86' lang='lat' dir='ltr'>codicibus</span> 
     </span>
     <span class='ocr_line' id='line_1_8' title="bbox 161 1052 1290 1141; baseline -0.005 -23"><span class='ocrx_word' id='word_1_49' title='bbox 161 1053 211 1139; x_wconf 91' lang='lat' dir='ltr'>(H</span> <span class='ocrx_word' id='word_1_50' title='bbox 223 1053 255 1120; x_wconf 87' lang='lat' dir='ltr'><strong>R</strong></span> <span class='ocrx_word' id='word_1_51' title='bbox 267 1055 299 1118; x_wconf 95' lang='lat' dir='ltr'><strong>V</strong></span> <span class='ocrx_word' id='word_1_52' title='bbox 311 1056 339 1121; x_wconf 77' lang='lat' dir='ltr'><strong>F</strong></span> <span class='ocrx_word' id='word_1_53' title='bbox 351 1056 381 1120; x_wconf 89' lang='lat' dir='ltr'>L</span> <span class='ocrx_word' id='word_1_54' title='bbox 396 1055 426 1120; x_wconf 93' lang='lat' dir='ltr'><strong>U</strong></span> <span class='ocrx_word' id='word_1_55' title='bbox 437 1057 470 1120; x_wconf 91' lang='lat' dir='ltr'>Y</span> <span class='ocrx_word' id='word_1_56' title='bbox 482 1057 528 1139; x_wconf 89' lang='lat' dir='ltr'>X,</span> <span class='ocrx_word' id='word_1_57' title='bbox 555 1058 588 1121; x_wconf 90' lang='lat' dir='ltr'>iu</span> <span class='ocrx_word' id='word_1_58' title='bbox 613 1057 675 1120; x_wconf 94' lang='lat' dir='ltr'>hoc</span> <span class='ocrx_word' id='word_1_59' title='bbox 691 1064 798 1122; x_wconf 84' lang='lat' dir='ltr'>tamen</span> <span class='ocrx_word' id='word_1_60' title='bbox 821 1056 912 1141; x_wconf 91' lang='lat' dir='ltr'>prior</span> <span class='ocrx_word' id='word_1_61' title='bbox 935 1061 986 1118; x_wconf 90' lang='lat' dir='ltr'>est</span> <span class='ocrx_word' id='word_1_62' title='bbox 1007 1052 1105 1117; x_wconf 89' lang='lat' dir='ltr'>lectio</span> <span class='ocrx_word' id='word_1_63' title='bbox 1124 1071 1290 1138; x_wconf 86' lang='lat' dir='ltr'>purpura·</span> 
     </span>
     <span class='ocr_line' id='line_1_9' title="bbox 162 1152 1290 1246; baseline -0.003 -28"><span class='ocrx_word' id='word_1_64' title='bbox 162 1169 221 1237; x_wconf 84' lang='lat' dir='ltr'>tas,</span> <span class='ocrx_word' id='word_1_65' title='bbox 234 1182 274 1222; x_wconf 87' lang='lat' dir='ltr'>ex</span> <span class='ocrx_word' id='word_1_66' title='bbox 295 1172 497 1246; x_wconf 86' lang='lat' dir='ltr'>purpuratus</span> <span class='ocrx_word' id='word_1_67' title='bbox 515 1164 711 1244; x_wconf 80' lang='lat' dir='ltr'>correctum)</span> <span class='ocrx_word' id='word_1_68' title='bbox 729 1160 883 1240; x_wconf 83' lang='lat' dir='ltr'>adfertur,</span> <span class='ocrx_word' id='word_1_69' title='bbox 906 1159 939 1222; x_wconf 92' lang='lat' dir='ltr'>in</span> <span class='ocrx_word' id='word_1_70' title='bbox 957 1158 982 1222; x_wconf 86' lang='lat' dir='ltr'>Z</span> <span class='ocrx_word' id='word_1_71' title='bbox 1001 1164 1107 1220; x_wconf 88' lang='lat' dir='ltr'>autem</span> <span class='ocrx_word' id='word_1_72' title='bbox 1119 1152 1290 1234; x_wconf 89' lang='lat' dir='ltr'>omittitur,</span> 
     </span>
     <span class='ocr_line' id='line_1_10' title="bbox 160 1257 1291 1348; baseline -0.005 -23"><span class='ocrx_word' id='word_1_73' title='bbox 160 1261 200 1326; x_wconf 88' lang='lat' dir='ltr'>ab</span> <span class='ocrx_word' id='word_1_74' title='bbox 225 1263 388 1344; x_wconf 90' lang='lat' dir='ltr'>omnibus,</span> <span class='ocrx_word' id='word_1_75' title='bbox 410 1264 498 1348; x_wconf 90' lang='lat' dir='ltr'>quod</span> <span class='ocrx_word' id='word_1_76' title='bbox 522 1265 634 1345; x_wconf 87' lang='lat' dir='ltr'>sciam,</span> <span class='ocrx_word' id='word_1_77' title='bbox 657 1263 837 1328; x_wconf 80' lang='lat' dir='ltr'>editoribus</span> <span class='ocrx_word' id='word_1_78' title='bbox 861 1268 1039 1347; x_wconf 88' lang='lat' dir='ltr'>receptum,</span> <span class='ocrx_word' id='word_1_79' title='bbox 1057 1258 1187 1324; x_wconf 80' lang='lat' dir='ltr'>defendi</span> <span class='ocrx_word' id='word_1_80' title='bbox 1207 1257 1291 1321; x_wconf 89' lang='lat' dir='ltr'>solet</span> 
     </span>
     <span class='ocr_line' id='line_1_11' title="bbox 160 1361 1290 1457; baseline -0.003 -31"><span class='ocrx_word' id='word_1_81' title='bbox 160 1364 283 1457; x_wconf 82' lang='lat' dir='ltr'>talibus</span> <span class='ocrx_word' id='word_1_82' title='bbox 316 1365 410 1446; x_wconf 79' lang='lat' dir='ltr'>lociS,</span> <span class='ocrx_word' id='word_1_83' title='bbox 433 1367 488 1432; x_wconf 91' lang='lat' dir='ltr'>ubi</span> <span class='ocrx_word' id='word_1_84' title='bbox 522 1366 585 1432; x_wconf 91' lang='lat' dir='ltr'>hoc</span> <span class='ocrx_word' id='word_1_85' title='bbox 619 1367 750 1432; x_wconf 90' lang='lat' dir='ltr'>verbum</span> <span class='ocrx_word' id='word_1_86' title='bbox 783 1364 824 1430; x_wconf 88' lang='lat' dir='ltr'>ad</span> <span class='ocrx_word' id='word_1_87' title='bbox 853 1371 1043 1429; x_wconf 88' lang='lat' dir='ltr'>ornamenta</span> <span class='ocrx_word' id='word_1_88' title='bbox 1070 1361 1209 1426; x_wconf 90' lang='lat' dir='ltr'>orationi</span> <span class='ocrx_word' id='word_1_89' title='bbox 1233 1361 1290 1424; x_wconf 90' lang='lat' dir='ltr'>im·</span> 
     </span>
     <span class='ocr_line' id='line_1_12' title="bbox 160 1461 1289 1552; baseline -0.004 -22"><span class='ocrx_word' id='word_1_90' title='bbox 160 1467 265 1532; x_wconf 87' lang='lat' dir='ltr'>mixta</span> <span class='ocrx_word' id='word_1_91' title='bbox 288 1477 320 1532; x_wconf 89' lang='lat' dir='ltr'>et</span> <span class='ocrx_word' id='word_1_92' title='bbox 341 1469 462 1533; x_wconf 89' lang='lat' dir='ltr'>lumina</span> <span class='ocrx_word' id='word_1_93' title='bbox 485 1469 615 1534; x_wconf 90' lang='lat' dir='ltr'>dicendi</span> <span class='ocrx_word' id='word_1_94' title='bbox 639 1470 790 1550; x_wconf 89' lang='lat' dir='ltr'>refertur,</span> <span class='ocrx_word' id='word_1_95' title='bbox 812 1468 918 1552; x_wconf 87' lang='lat' dir='ltr'>qualis</span> <span class='ocrx_word' id='word_1_96' title='bbox 947 1474 998 1532; x_wconf 88' lang='lat' dir='ltr'>est</span> <span class='ocrx_word' id='word_1_97' title='bbox 1024 1466 1130 1552; x_wconf 87' lang='lat' dir='ltr'>ipsius</span> <span class='ocrx_word' id='word_1_98' title='bbox 1160 1461 1289 1528; x_wconf 83' lang='lat' dir='ltr'>Sidonii</span> 
     </span>
     <span class='ocr_line' id='line_1_13' title="bbox 160 1571 1290 1658; baseline -0.004 -24"><span class='ocrx_word' id='word_1_99' title='bbox 160 1594 211 1656; x_wconf 87' lang='lat' dir='ltr'>ep.</span> <span class='ocrx_word' id='word_1_100' title='bbox 227 1571 440 1658; x_wconf 78' lang='lat'>1110(236):</span> <span class='ocrx_word' id='word_1_101' title='bbox 464 1578 510 1638; x_wconf 88' lang='lat' dir='ltr'>sic</span> <span class='ocrx_word' id='word_1_102' title='bbox 522 1597 627 1638; x_wconf 84' lang='lat' dir='ltr'>omues</span> <span class='ocrx_word' id='word_1_103' title='bbox 639 1574 797 1638; x_wconf 75' lang='lat' dir='ltr'>nobilium</span> <span class='ocrx_word' id='word_1_104' title='bbox 809 1593 988 1637; x_wconf 82' lang='lat' dir='ltr'>sermonum</span> <span class='ocrx_word' id='word_1_105' title='bbox 1009 1589 1209 1656; x_wconf 77' lang='lat' dir='ltr'>purpurae</span> <span class='ocrx_word' id='word_1_106' title='bbox 1230 1589 1290 1654; x_wconf 86' lang='lat' dir='ltr'>per</span> 
     </span>
     <span class='ocr_line' id='line_1_14' title="bbox 159 1665 1291 1762; baseline -0.002 -26"><span class='ocrx_word' id='word_1_107' title='bbox 159 1677 325 1738; x_wconf 81' lang='lat' dir='ltr'>incuriam</span> <span class='ocrx_word' id='word_1_108' title='bbox 338 1665 433 1760; x_wconf 60' lang='lat' dir='ltr'>&#39;vulpi</span> <span class='ocrx_word' id='word_1_109' title='bbox 444 1678 725 1742; x_wconf 77' lang='lat' dir='ltr'>decolorabuntur.</span> <span class='ocrx_word' id='word_1_110' title='bbox 754 1677 821 1741; x_wconf 88' lang='lat' dir='ltr'>Vix</span> <span class='ocrx_word' id='word_1_111' title='bbox 834 1685 945 1762; x_wconf 89' lang='lat' dir='ltr'>aptum</span> <span class='ocrx_word' id='word_1_112' title='bbox 964 1671 1157 1739; x_wconf 86' lang='lat' dir='ltr'>Sirmondus</span> <span class='ocrx_word' id='word_1_113' title='bbox 1170 1695 1206 1734; x_wconf 86' lang='lat' dir='ltr'>ex</span> <span class='ocrx_word' id='word_1_114' title='bbox 1223 1671 1291 1736; x_wconf 88' lang='lat' dir='ltr'>Ln-</span> 
     </span>
     <span class='ocr_line' id='line_1_15' title="bbox 161 1773 1291 1867; baseline -0.002 -27"><span class='ocrx_word' id='word_1_115' title='bbox 161 1777 257 1842; x_wconf 87' lang='lat' dir='ltr'>ciano</span> <span class='ocrx_word' id='word_1_116' title='bbox 282 1788 451 1866; x_wconf 87' lang='lat' dir='ltr'>comparat</span> <span class='ocrx_word' id='word_1_117' title='bbox 473 1781 664 1867; x_wconf 86' lang='lat' dir='ltr'>exemplum,</span> <span class='ocrx_word' id='word_1_118' title='bbox 687 1781 742 1845; x_wconf 90' lang='lat' dir='ltr'>ubi</span> <span class='ocrx_word' id='word_1_119' title='bbox 765 1779 804 1844; x_wconf 91' lang='lat' dir='ltr'>de</span> <span class='ocrx_word' id='word_1_120' title='bbox 828 1778 925 1842; x_wconf 91' lang='lat' dir='ltr'>domo</span> <span class='ocrx_word' id='word_1_121' title='bbox 948 1777 1102 1842; x_wconf 90' lang='lat' dir='ltr'>interiore</span> <span class='ocrx_word' id='word_1_122' title='bbox 1125 1775 1188 1839; x_wconf 92' lang='lat' dir='ltr'>hoc</span> <span class='ocrx_word' id='word_1_123' title='bbox 1211 1773 1291 1839; x_wconf 92' lang='lat' dir='ltr'>dici·</span> 
     </span>
     <span class='ocr_line' id='line_1_16' title="bbox 161 1878 1288 1968; baseline -0.004 -25"><span class='ocrx_word' id='word_1_124' title='bbox 161 1888 228 1946; x_wconf 87' lang='lat' dir='ltr'>tur:</span> <span class='ocrx_word' id='word_1_125' title='bbox 264 1886 362 1968; x_wconf 80' lang='grc' dir='ltr'>φωτός</span> <span class='ocrx_word' id='word_1_126' title='bbox 390 1909 422 1948; x_wconf 79' lang='grc' dir='ltr'>τε</span> <span class='ocrx_word' id='word_1_127' title='bbox 448 1889 558 1948; x_wconf 79' lang='grc' dir='ltr'>πολλοῦ</span> <span class='ocrx_word' id='word_1_128' title='bbox 587 1887 748 1968; x_wconf 80' lang='grc' dir='ltr'>ἀνάμεστος</span> <span class='ocrx_word' id='word_1_129' title='bbox 776 1886 825 1948; x_wconf 85' lang='grc' dir='ltr'>καὶ</span> <span class='ocrx_word' id='word_1_130' title='bbox 851 1887 891 1952; x_wconf 80' lang='grc' dir='ltr'>ὡς</span> <span class='ocrx_word' id='word_1_131' title='bbox 919 1882 1056 1966; x_wconf 78' lang='grc' dir='ltr'>πορφύρα</span> <span class='ocrx_word' id='word_1_132' title='bbox 1079 1878 1288 1964; x_wconf 77' lang='grc' dir='ltr'>διηνθισμένος.</span> 
     </span>
     <span class='ocr_line' id='line_1_17' title="bbox 163 1980 1291 2074; baseline -0.004 -25"><span class='ocrx_word' id='word_1_133' title='bbox 163 1982 231 2050; x_wconf 85' lang='lat' dir='ltr'>Sed</span> <span class='ocrx_word' id='word_1_134' title='bbox 248 1987 328 2070; x_wconf 68' lang='lat' dir='ltr'>⁴quis</span> <span class='ocrx_word' id='word_1_135' title='bbox 351 1989 536 2074; x_wconf 71' lang='lat' dir='ltr'>peritiorem,</span> <span class='ocrx_word' id='word_1_136' title='bbox 560 1997 596 2051; x_wconf 92' lang='lat' dir='ltr'>ut</span> <span class='ocrx_word' id='word_1_137' title='bbox 628 1989 675 2052; x_wconf 89' lang='lat' dir='ltr'>ait</span> <span class='ocrx_word' id='word_1_138' title='bbox 698 1985 866 2068; x_wconf 76' lang='lat' dir='ltr'>SidoniuS,</span> <span class='ocrx_word' id='word_1_139' title='bbox 901 1985 1099 2050; x_wconf 75' lang='lat' dir='ltr'>architectos</span> <span class='ocrx_word' id='word_1_140' title='bbox 1133 1980 1291 2047; x_wconf 88' lang='lat' dir='ltr'>concedet</span> 
     </span>
     <span class='ocr_line' id='line_1_18' title="bbox 160 2085 1290 2174; baseline -0.003 -21"><span class='ocrx_word' id='word_1_141' title='bbox 160 2090 231 2154; x_wconf 89' lang='lat' dir='ltr'>eius</span> <span class='ocrx_word' id='word_1_142' title='bbox 256 2089 343 2155; x_wconf 90' lang='lat' dir='ltr'>modi</span> <span class='ocrx_word' id='word_1_143' title='bbox 367 2090 526 2156; x_wconf 88' lang='lat' dir='ltr'>vocabulo</span> <span class='ocrx_word' id='word_1_144' title='bbox 550 2092 630 2155; x_wconf 89' lang='lat' dir='ltr'>artis</span> <span class='ocrx_word' id='word_1_145' title='bbox 653 2114 731 2156; x_wconf 88' lang='lat' dir='ltr'>usos</span> <span class='ocrx_word' id='word_1_146' title='bbox 754 2113 838 2172; x_wconf 87' lang='lat' dir='ltr'>esse,</span> <span class='ocrx_word' id='word_1_147' title='bbox 849 2113 913 2174; x_wconf 91' lang='lat' dir='ltr'>quo</span> <span class='ocrx_word' id='word_1_148' title='bbox 936 2111 977 2154; x_wconf 90' lang='lat' dir='ltr'>ne</span> <span class='ocrx_word' id='word_1_149' title='bbox 994 2087 1137 2174; x_wconf 89' lang='lat' dir='ltr'>imperiti</span> <span class='ocrx_word' id='word_1_150' title='bbox 1160 2085 1290 2170; x_wconf 87' lang='lat' dir='ltr'>quidem</span> 
     </span>
     <span class='ocr_line' id='line_1_19' title="bbox 162 2189 1290 2280; baseline -0.001 -25"><span class='ocrx_word' id='word_1_151' title='bbox 162 2193 202 2258; x_wconf 89' lang='lat' dir='ltr'>ad</span> <span class='ocrx_word' id='word_1_152' title='bbox 227 2193 395 2258; x_wconf 89' lang='lat' dir='ltr'>columnas</span> <span class='ocrx_word' id='word_1_153' title='bbox 419 2193 632 2280; x_wconf 85' lang='lat' dir='ltr'>appellandas</span> <span class='ocrx_word' id='word_1_154' title='bbox 666 2195 759 2260; x_wconf 88' lang='lat' dir='ltr'>abusi</span> <span class='ocrx_word' id='word_1_155' title='bbox 788 2217 860 2259; x_wconf 90' lang='lat' dir='ltr'>esse</span> <span class='ocrx_word' id='word_1_156' title='bbox 893 2193 1074 2258; x_wconf 88' lang='lat' dir='ltr'>videantur.</span> <span class='ocrx_word' id='word_1_157' title='bbox 1119 2189 1290 2255; x_wconf 88' lang='lat' dir='ltr'>Verisimi-</span> 
     </span>
     <span class='ocr_line' id='line_1_20' title="bbox 160 2293 1289 2396; baseline -0.002 -38"><span class='ocrx_word' id='word_1_158' title='bbox 160 2295 224 2361; x_wconf 90' lang='lat' dir='ltr'>lius</span> <span class='ocrx_word' id='word_1_159' title='bbox 259 2320 331 2361; x_wconf 91' lang='lat' dir='ltr'>mea</span> <span class='ocrx_word' id='word_1_160' title='bbox 365 2298 528 2396; x_wconf 69' lang='lat' dir='ltr'>sententia</span> <span class='ocrx_word' id='word_1_161' title='bbox 560 2308 712 2383; x_wconf 86' lang='lat' dir='ltr'>putamus</span> <span class='ocrx_word' id='word_1_162' title='bbox 746 2297 809 2361; x_wconf 91' lang='lat' dir='ltr'>hoc</span> <span class='ocrx_word' id='word_1_163' title='bbox 843 2321 861 2360; x_wconf 91' lang='lat' dir='ltr'>a</span> <span class='ocrx_word' id='word_1_164' title='bbox 895 2296 1030 2362; x_wconf 89' lang='lat' dir='ltr'>librario</span> <span class='ocrx_word' id='word_1_165' title='bbox 1059 2295 1099 2359; x_wconf 88' lang='lat' dir='ltr'>dc</span> <span class='ocrx_word' id='word_1_166' title='bbox 1128 2293 1289 2359; x_wconf 90' lang='lat' dir='ltr'>columnis</span> 
     </span>
     <span class='ocr_line' id='line_1_21' title="bbox 154 2396 1289 2490; baseline -0.004 -26"><span class='ocrx_word' id='word_1_167' title='bbox 154 2404 379 2486; x_wconf 82' lang='lat' dir='ltr'>pur-puriticis</span> <span class='ocrx_word' id='word_1_168' title='bbox 403 2402 453 2465; x_wconf 90' lang='lat' dir='ltr'>vel</span> <span class='ocrx_word' id='word_1_169' title='bbox 473 2402 714 2490; x_wconf 75' lang='lat' dir='ltr'>porphyreticis</span> <span class='ocrx_word' id='word_1_170' title='bbox 750 2401 916 2487; x_wconf 80' lang='lat' dir='ltr'>cogitante</span> <span class='ocrx_word' id='word_1_171' title='bbox 949 2399 1095 2486; x_wconf 89' lang='lat' dir='ltr'>positum</span> <span class='ocrx_word' id='word_1_172' title='bbox 1128 2419 1212 2476; x_wconf 84' lang='lat' dir='ltr'>esse,</span> <span class='ocrx_word' id='word_1_173' title='bbox 1234 2396 1289 2482; x_wconf 93' lang='lat' dir='ltr'>qui</span> 
     </span>
     <span class='ocr_line' id='line_1_22' title="bbox 160 2501 1290 2590; baseline -0.002 -26"><span class='ocrx_word' id='word_1_174' title='bbox 160 2525 224 2567; x_wconf 90' lang='lat' dir='ltr'>non</span> <span class='ocrx_word' id='word_1_175' title='bbox 250 2503 534 2568; x_wconf 82' lang='lat' dir='ltr'>animadvertisset</span> <span class='ocrx_word' id='word_1_176' title='bbox 557 2504 654 2590; x_wconf 89' lang='lat' dir='ltr'>paulo</span> <span class='ocrx_word' id='word_1_177' title='bbox 684 2512 758 2568; x_wconf 88' lang='lat' dir='ltr'>ante</span> <span class='ocrx_word' id='word_1_178' title='bbox 787 2501 959 2568; x_wconf 86' lang='lat' dir='ltr'>Sidonium</span> <span class='ocrx_word' id='word_1_179' title='bbox 982 2525 1017 2568; x_wconf 91' lang='lat' dir='ltr'>se</span> <span class='ocrx_word' id='word_1_180' title='bbox 1037 2506 1290 2587; x_wconf 78' lang='lat' dir='ltr'>peruyriaarum</span> 
     </span>
     <span class='ocr_line' id='line_1_23' title="bbox 161 2606 1291 2694; baseline -0.001 -24"><span class='ocrx_word' id='word_1_181' title='bbox 161 2610 304 2672; x_wconf 80' lang='lat' dir='ltr'>cautium</span> <span class='ocrx_word' id='word_1_182' title='bbox 338 2611 448 2693; x_wconf 83' lang='lat' dir='ltr'>riyore</span> <span class='ocrx_word' id='word_1_183' title='bbox 478 2610 617 2672; x_wconf 81' lang='lat' dir='ltr'>ditatum</span> <span class='ocrx_word' id='word_1_184' title='bbox 646 2631 718 2672; x_wconf 91' lang='lat' dir='ltr'>esse</span> <span class='ocrx_word' id='word_1_185' title='bbox 741 2608 924 2694; x_wconf 81' lang='lat' dir='ltr'>negavisse.</span> <span class='ocrx_word' id='word_1_186' title='bbox 968 2608 1011 2672; x_wconf 75' lang='lat' dir='ltr'>Et</span> <span class='ocrx_word' id='word_1_187' title='bbox 1034 2607 1132 2694; x_wconf 83' lang='lat' dir='ltr'>longe</span> <span class='ocrx_word' id='word_1_188' title='bbox 1154 2606 1218 2670; x_wconf 86' lang='lat' dir='ltr'>alia</span> <span class='ocrx_word' id='word_1_189' title='bbox 1240 2616 1291 2670; x_wconf 86' lang='lat' dir='ltr'>est</span> 
     </span>
     <span class='ocr_line' id='line_1_24' title="bbox 159 2710 1290 2796; baseline -0.002 -22"><span class='ocrx_word' id='word_1_190' title='bbox 159 2710 191 2774; x_wconf 85' lang='lat' dir='ltr'><strong>A</strong></span> <span class='ocrx_word' id='word_1_191' title='bbox 204 2711 331 2775; x_wconf 87' lang='lat' dir='ltr'>codicis</span> <span class='ocrx_word' id='word_1_192' title='bbox 348 2710 463 2776; x_wconf 88' lang='lat' dir='ltr'>lectio:</span> <span class='ocrx_word' id='word_1_193' title='bbox 487 2712 643 2776; x_wconf 83' lang='lat' dir='ltr'>absides</span> <span class='ocrx_word' id='word_1_194' title='bbox 666 2715 715 2775; x_wconf 85' lang='lat' dir='ltr'>cci</span> <span class='ocrx_word' id='word_1_195' title='bbox 731 2711 968 2796; x_wconf 83' lang='lat' dir='ltr'>piramidcs‚</span> <span class='ocrx_word' id='word_1_196' title='bbox 990 2711 1081 2796; x_wconf 89' lang='lat' dir='ltr'>prius</span> <span class='ocrx_word' id='word_1_197' title='bbox 1098 2719 1203 2773; x_wconf 88' lang='lat' dir='ltr'>tamen</span> <span class='ocrx_word' id='word_1_198' title='bbox 1220 2733 1290 2774; x_wconf 84' lang='lat' dir='ltr'>ver-</span> 
     </span>
     <span class='ocr_line' id='line_1_25' title="bbox 160 2812 1289 2902; baseline -0.001 -25"><span class='ocrx_word' id='word_1_199' title='bbox 160 2812 236 2879; x_wconf 91' lang='lat' dir='ltr'>bum</span> <span class='ocrx_word' id='word_1_200' title='bbox 270 2815 303 2878; x_wconf 92' lang='lat' dir='ltr'>in</span> <span class='ocrx_word' id='word_1_201' title='bbox 332 2839 445 2879; x_wconf 90' lang='lat' dir='ltr'>rasura</span> <span class='ocrx_word' id='word_1_202' title='bbox 473 2817 587 2902; x_wconf 87' lang='lat' dir='ltr'>prima,</span> <span class='ocrx_word' id='word_1_203' title='bbox 611 2824 646 2878; x_wconf 86' lang='lat' dir='ltr'>ut</span> <span class='ocrx_word' id='word_1_204' title='bbox 669 2815 806 2894; x_wconf 89' lang='lat' dir='ltr'>videtur,</span> <span class='ocrx_word' id='word_1_205' title='bbox 829 2837 923 2878; x_wconf 89' lang='lat' dir='ltr'>manu</span> <span class='ocrx_word' id='word_1_206' title='bbox 953 2814 1111 2899; x_wconf 90' lang='lat' dir='ltr'>scriptum</span> <span class='ocrx_word' id='word_1_207' title='bbox 1145 2813 1178 2876; x_wconf 93' lang='lat' dir='ltr'>in</span> <span class='ocrx_word' id='word_1_208' title='bbox 1207 2813 1289 2876; x_wconf 90' lang='lat' dir='ltr'>duos</span> 
     </span>
     <span class='ocr_line' id='line_1_26' title="bbox 160 2913 1289 3006; baseline 0.001 -27"><span class='ocrx_word' id='word_1_209' title='bbox 160 2940 275 2982; x_wconf 84' lang='lat' dir='ltr'>versus</span> <span class='ocrx_word' id='word_1_210' title='bbox 299 2919 506 3002; x_wconf 16' lang='lat' dir='ltr'>sictdivisum</span> <span class='ocrx_word' id='word_1_211' title='bbox 529 2919 669 3006; x_wconf 83' lang='lat' dir='ltr'>repperi:</span> <span class='ocrx_word' id='word_1_212' title='bbox 699 2918 769 2982; x_wconf 84' lang='lat' dir='ltr'>absi</span> <span class='ocrx_word' id='word_1_213' title='bbox 791 2920 855 2982; x_wconf 84' lang='lat' dir='ltr'>das.</span> <span class='ocrx_word' id='word_1_214' title='bbox 901 2919 940 2983; x_wconf 90' lang='lat' dir='ltr'>ln</span> <span class='ocrx_word' id='word_1_215' title='bbox 959 2918 1048 2982; x_wconf 86' lang='lat' dir='ltr'>Petri</span> <span class='ocrx_word' id='word_1_216' title='bbox 1067 2913 1178 2982; x_wconf 79' lang='lat' dir='ltr'>Colvii</span> <span class='ocrx_word' id='word_1_217' title='bbox 1202 2918 1289 2981; x_wconf 89' lang='lat' dir='ltr'>notis</span> 
     </span>
     <span class='ocr_line' id='line_1_27' title="bbox 160 3020 1289 3108; baseline 0.003 -26"><span class='ocrx_word' id='word_1_218' title='bbox 160 3044 197 3084; x_wconf 86' lang='lat' dir='ltr'>ex</span> <span class='ocrx_word' id='word_1_219' title='bbox 223 3020 361 3085; x_wconf 89' lang='lat' dir='ltr'>Puteani</span> <span class='ocrx_word' id='word_1_220' title='bbox 386 3020 469 3086; x_wconf 90' lang='lat' dir='ltr'>libro</span> <span class='ocrx_word' id='word_1_221' title='bbox 493 3021 639 3088; x_wconf 78' lang='lat' dir='ltr'>adfertur</span> <span class='ocrx_word' id='word_1_222' title='bbox 662 3023 805 3107; x_wconf 81' lang='lat' dir='ltr'>apsidas,</span> <span class='ocrx_word' id='word_1_223' title='bbox 829 3023 881 3085; x_wconf 92' lang='lat' dir='ltr'>cui</span> <span class='ocrx_word' id='word_1_224' title='bbox 900 3021 1160 3108; x_wconf 85' lang='lat' dir='ltr'>superscriptum</span> <span class='ocrx_word' id='word_1_225' title='bbox 1179 3021 1223 3084; x_wconf 91' lang='lat' dir='ltr'>sit</span> <span class='ocrx_word' id='word_1_226' title='bbox 1239 3023 1289 3085; x_wconf 84' lang='lat' dir='ltr'>vei</span> 
     </span>
     <span class='ocr_line' id='line_1_28' title="bbox 154 3122 1289 3206; baseline 0.002 -20"><span class='ocrx_word' id='word_1_227' title='bbox 154 3124 351 3206; x_wconf 72' lang='lat' dir='ltr'>piramidis,</span> <span class='ocrx_word' id='word_1_228' title='bbox 374 3122 584 3190; x_wconf 85' lang='lat' dir='ltr'>Wouwerius</span> <span class='ocrx_word' id='word_1_229' title='bbox 608 3132 714 3189; x_wconf 89' lang='lat' dir='ltr'>autem</span> <span class='ocrx_word' id='word_1_230' title='bbox 737 3149 775 3188; x_wconf 86' lang='lat' dir='ltr'>ex</span> <span class='ocrx_word' id='word_1_231' title='bbox 804 3123 930 3190; x_wconf 89' lang='lat' dir='ltr'>duobus</span> <span class='ocrx_word' id='word_1_232' title='bbox 964 3124 1058 3189; x_wconf 90' lang='lat' dir='ltr'>libris</span> <span class='ocrx_word' id='word_1_233' title='bbox 1092 3125 1227 3204; x_wconf 83' lang='lat' dir='ltr'>absides,</span> <span class='ocrx_word' id='word_1_234' title='bbox 1251 3149 1289 3188; x_wconf 78' lang='lat' dir='ltr'>ex</span> 
     </span>
     <span class='ocr_line' id='line_1_29' title="bbox 159 3223 1289 3314; baseline 0 -22"><span class='ocrx_word' id='word_1_235' title='bbox 159 3229 265 3292; x_wconf 86' lang='lat' dir='ltr'>tribus</span> <span class='ocrx_word' id='word_1_236' title='bbox 284 3229 471 3311; x_wconf 86' lang='lat' dir='ltr'>piramidas</span> <span class='ocrx_word' id='word_1_237' title='bbox 494 3228 674 3292; x_wconf 78' lang='lat' dir='ltr'>adnotavit.</span> <span class='ocrx_word' id='word_1_238' title='bbox 708 3228 817 3312; x_wconf 80' lang='lat' dir='ltr'>Atque</span> <span class='ocrx_word' id='word_1_239' title='bbox 842 3223 981 3294; x_wconf 79' lang='lat' dir='ltr'>Golvius</span> <span class='ocrx_word' id='word_1_240' title='bbox 1004 3228 1134 3312; x_wconf 89' lang='lat' dir='ltr'>quidem</span> <span class='ocrx_word' id='word_1_241' title='bbox 1158 3231 1289 3314; x_wconf 88' lang='lat' dir='ltr'>apsidas</span> 
     </span>
     <span class='ocr_line' id='line_1_30' title="bbox 160 3331 1289 3418; baseline 0.003 -25"><span class='ocrx_word' id='word_1_242' title='bbox 160 3332 237 3396; x_wconf 87' lang='lat' dir='ltr'>t&#39;erri</span> <span class='ocrx_word' id='word_1_243' title='bbox 252 3353 360 3416; x_wconf 68' lang='lat' dir='ltr'>&#39;posse</span> <span class='ocrx_word' id='word_1_244' title='bbox 376 3331 466 3413; x_wconf 85' lang='lat' dir='ltr'>dicit,</span> <span class='ocrx_word' id='word_1_245' title='bbox 483 3334 667 3418; x_wconf 72' lang='lat' dir='ltr'>piramidis</span> <span class='ocrx_word' id='word_1_246' title='bbox 690 3331 856 3418; x_wconf 85' lang='lat' dir='ltr'>glossema</span> <span class='ocrx_word' id='word_1_247' title='bbox 878 3353 965 3410; x_wconf 81' lang='lat' dir='ltr'>esse3</span> <span class='ocrx_word' id='word_1_248' title='bbox 989 3331 1081 3396; x_wconf 89' lang='lat' dir='ltr'>addit</span> <span class='ocrx_word' id='word_1_249' title='bbox 1103 3332 1210 3396; x_wconf 89' lang='lat' dir='ltr'>locum</span> <span class='ocrx_word' id='word_1_250' title='bbox 1222 3332 1289 3396; x_wconf 86' lang='lat' dir='ltr'>Pli-</span> 
     </span>
     <span class='ocr_line' id='line_1_31' title="bbox 159 3435 1288 3520; baseline 0.002 -22"><span class='ocrx_word' id='word_1_251' title='bbox 159 3436 217 3516; x_wconf 91' lang='lat' dir='ltr'>nii,</span> <span class='ocrx_word' id='word_1_252' title='bbox 240 3435 295 3520; x_wconf 89' lang='lat' dir='ltr'>qui</span> <span class='ocrx_word' id='word_1_253' title='bbox 328 3460 399 3500; x_wconf 87' lang='lat' dir='ltr'>mea</span> <span class='ocrx_word' id='word_1_254' title='bbox 432 3436 560 3519; x_wconf 88' lang='lat' dir='ltr'>quidem</span> <span class='ocrx_word' id='word_1_255' title='bbox 592 3437 755 3500; x_wconf 85' lang='lat' dir='ltr'>sententia</span> <span class='ocrx_word' id='word_1_256' title='bbox 777 3459 849 3501; x_wconf 90' lang='lat' dir='ltr'>curn</span> <span class='ocrx_word' id='word_1_257' title='bbox 879 3435 1036 3500; x_wconf 86' lang='lat' dir='ltr'>hocloco</span> <span class='ocrx_word' id='word_1_258' title='bbox 1060 3436 1200 3500; x_wconf 85' lang='lat' dir='ltr'>cont&#39;erri</span> <span class='ocrx_word' id='word_1_259' title='bbox 1223 3460 1288 3500; x_wconf 90' lang='lat' dir='ltr'>non</span> 
     </span>
     <span class='ocr_line' id='line_1_32' title="bbox 159 3539 1289 3626; baseline 0.002 -24"><span class='ocrx_word' id='word_1_260' title='bbox 159 3547 280 3626; x_wconf 87' lang='lat' dir='ltr'>potest,</span> <span class='ocrx_word' id='word_1_261' title='bbox 306 3540 359 3604; x_wconf 88' lang='lat' dir='ltr'>ubi</span> <span class='ocrx_word' id='word_1_262' title='bbox 393 3539 575 3604; x_wconf 85' lang='lat' dir='ltr'>cubiculum</span> <span class='ocrx_word' id='word_1_263' title='bbox 604 3539 724 3604; x_wconf 90' lang='lat' dir='ltr'>dicitur</span> <span class='ocrx_word' id='word_1_264' title='bbox 750 3542 786 3603; x_wconf 87' lang='lat' dir='ltr'>iu</span> <span class='ocrx_word' id='word_1_265' title='bbox 811 3541 949 3624; x_wconf 75' lang='lat' dir='ltr'>hapsida</span> <span class='ocrx_word' id='word_1_266' title='bbox 973 3553 1139 3604; x_wconf 80' lang='lat' dir='ltr'>curvatum</span> <span class='ocrx_word' id='word_1_267' title='bbox 1163 3543 1226 3625; x_wconf 76' lang='lat' dir='ltr'>(ep.</span> <span class='ocrx_word' id='word_1_268' title='bbox 1251 3541 1289 3604; x_wconf 93' lang='lat' dir='ltr'>II</span> 
     </span>
     <span class='ocr_line' id='line_1_33' title="bbox 163 3642 1289 3729; baseline 0 -23"><span class='ocrx_word' id='word_1_269' title='bbox 163 3647 211 3723; x_wconf 80' lang='lat'>17,</span> <span class='ocrx_word' id='word_1_270' title='bbox 235 3645 279 3727; x_wconf 76' lang='lat'>8).</span> <span class='ocrx_word' id='word_1_271' title='bbox 326 3643 452 3706; x_wconf 90' lang='lat' dir='ltr'>Notum</span> <span class='ocrx_word' id='word_1_272' title='bbox 475 3650 581 3706; x_wconf 81' lang='lat' dir='ltr'>mrtem</span> <span class='ocrx_word' id='word_1_273' title='bbox 604 3652 655 3707; x_wconf 87' lang='lat' dir='ltr'>est</span> <span class='ocrx_word' id='word_1_274' title='bbox 679 3643 741 3708; x_wconf 91' lang='lat' dir='ltr'>hoc</span> <span class='ocrx_word' id='word_1_275' title='bbox 765 3644 863 3708; x_wconf 90' lang='lat' dir='ltr'>verbo</span> <span class='ocrx_word' id='word_1_276' title='bbox 892 3642 1072 3729; x_wconf 83' lang='lat' dir='ltr'>significari</span> <span class='ocrx_word' id='word_1_277' title='bbox 1102 3643 1289 3707; x_wconf 86' lang='lat' dir='ltr'>arcurncir-</span> 
     </span>
     <span class='ocr_line' id='line_1_34' title="bbox 161 3745 1288 3832; baseline 0 -22"><span class='ocrx_word' id='word_1_278' title='bbox 161 3745 236 3810; x_wconf 85' lang='lat' dir='ltr'>culi.</span> <span class='ocrx_word' id='word_1_279' title='bbox 281 3747 354 3832; x_wconf 78' lang='lat' dir='ltr'>Ego</span> <span class='ocrx_word' id='word_1_280' title='bbox 387 3769 461 3810; x_wconf 89' lang='lat' dir='ltr'>vero</span> <span class='ocrx_word' id='word_1_281' title='bbox 487 3747 680 3832; x_wconf 73' lang='lat' dir='ltr'>pyramidas</span> <span class='ocrx_word' id='word_1_282' title='bbox 710 3773 729 3810; x_wconf 86' lang='lat' dir='ltr'>a</span> <span class='ocrx_word' id='word_1_283' title='bbox 753 3745 890 3810; x_wconf 85' lang='lat' dir='ltr'>Sidonio</span> <span class='ocrx_word' id='word_1_284' title='bbox 914 3746 1074 3830; x_wconf 88' lang='lat' dir='ltr'>scriptum</span> <span class='ocrx_word' id='word_1_285' title='bbox 1096 3745 1288 3830; x_wconf 88' lang='lat' dir='ltr'>putaverim,</span> 
     </span>
     <span class='ocr_line' id='line_1_35' title="bbox 87 3848 1287 3934; baseline 0 -22"><span class='ocrx_word' id='word_1_286' title='bbox 87 3895 88 3900; x_wconf 19' lang='grc' dir='ltr'><strong>κ</strong></span> <span class='ocrx_word' id='word_1_287' title='bbox 160 3851 286 3914; x_wconf 81' lang='lat' dir='ltr'>absides</span> <span class='ocrx_word' id='word_1_288' title='bbox 320 3848 505 3934; x_wconf 83' lang='lat' dir='ltr'>explicandi</span> <span class='ocrx_word' id='word_1_289' title='bbox 541 3872 639 3913; x_wconf 85' lang='lat' dir='ltr'>causa</span> <span class='ocrx_word' id='word_1_290' title='bbox 673 3849 829 3913; x_wconf 85' lang='lat' dir='ltr'>additum.</span> <span class='ocrx_word' id='word_1_291' title='bbox 875 3850 915 3912; x_wconf 85' lang='lat' dir='ltr'>Iu</span> <span class='ocrx_word' id='word_1_292' title='bbox 944 3848 1121 3934; x_wconf 87' lang='lat' dir='ltr'>archetypo</span> <span class='ocrx_word' id='word_1_293' title='bbox 1145 3849 1287 3918; x_wconf 82' lang='lat' dir='ltr'>tortasse</span> 
     </span>
     <span class='ocr_line' id='line_1_36' title="bbox 161 3951 1286 4054; baseline -0.001 -37"><span class='ocrx_word' id='word_1_294' title='bbox 161 3954 224 4017; x_wconf 89' lang='lat' dir='ltr'>t&#39;uit</span> <span class='ocrx_word' id='word_1_295' title='bbox 247 3951 630 4054; x_wconf 68' lang='lat' dir='ltr'>r’VrtPYRAMIDAS,</span> <span class='ocrx_word' id='word_1_296' title='bbox 644 3977 680 4018; x_wconf 85' lang='lat' dir='ltr'>ex</span> <span class='ocrx_word' id='word_1_297' title='bbox 694 3976 757 4037; x_wconf 90' lang='lat' dir='ltr'>quo</span> <span class='ocrx_word' id='word_1_298' title='bbox 775 3952 882 4033; x_wconf 78' lang='lat' dir='ltr'>tacite,</span> <span class='ocrx_word' id='word_1_299' title='bbox 899 3952 1090 4038; x_wconf 84' lang='lat' dir='ltr'>praesertim</span> <span class='ocrx_word' id='word_1_300' title='bbox 1104 3974 1175 4015; x_wconf 89' lang='lat' dir='ltr'>cum</span> <span class='ocrx_word' id='word_1_301' title='bbox 1187 3952 1286 4037; x_wconf 89' lang='lat' dir='ltr'>paulo</span> 
     </span>
    </p>
   </div>
   <div class='ocr_carea' id='block_1_3' title="bbox 159 4072 1369 4371">
    <p class='ocr_par' dir='ltr' id='par_1_5' title="bbox 159 4072 1369 4371">
     <span class='ocr_line' id='line_1_37' title="bbox 160 4072 1287 4158; baseline -0.008 -21"><span class='ocrx_word' id='word_1_302' title='bbox 160 4083 234 4137; x_wconf 88' lang='lat' dir='ltr'>ante</span> <span class='ocrx_word' id='word_1_303' title='bbox 258 4074 381 4137; x_wconf 88' lang='lat' dir='ltr'>dictum</span> <span class='ocrx_word' id='word_1_304' title='bbox 404 4078 494 4136; x_wconf 87' lang='lat' dir='ltr'>esset</span> <span class='ocrx_word' id='word_1_305' title='bbox 516 4073 657 4156; x_wconf 83' lang='lat' dir='ltr'>abrupta</span> <span class='ocrx_word' id='word_1_306' title='bbox 672 4095 889 4158; x_wconf 81' lang='lat' dir='ltr'>purpurea,</span> <span class='ocrx_word' id='word_1_307' title='bbox 917 4072 1066 4136; x_wconf 86' lang='lat' dir='ltr'>effectum</span> <span class='ocrx_word' id='word_1_308' title='bbox 1094 4080 1145 4135; x_wconf 90' lang='lat' dir='ltr'>est</span> <span class='ocrx_word' id='word_1_309' title='bbox 1161 4080 1287 4157; x_wconf 61' lang='lat' dir='ltr'>purpu„</span> 
     </span>
     <span class='ocr_line' id='line_1_38' title="bbox 161 4173 1286 4262; baseline 0.004 -25"><span class='ocrx_word' id='word_1_310' title='bbox 161 4202 226 4242; x_wconf 85' lang='lat' dir='ltr'>ras.</span> <span class='ocrx_word' id='word_1_311' title='bbox 273 4173 452 4240; x_wconf 72' lang='lat' dir='ltr'>Columnas</span> <span class='ocrx_word' id='word_1_312' title='bbox 477 4184 533 4239; x_wconf 92' lang='lat' dir='ltr'>aut</span> <span class='ocrx_word' id='word_1_313' title='bbox 555 4176 818 4262; x_wconf 86' lang='lat' dir='ltr'>contignationes</span> <span class='ocrx_word' id='word_1_314' title='bbox 855 4177 895 4240; x_wconf 90' lang='lat' dir='ltr'>iis</span> <span class='ocrx_word' id='word_1_315' title='bbox 929 4175 1101 4262; x_wconf 88' lang='lat' dir='ltr'>impositas</span> <span class='ocrx_word' id='word_1_316' title='bbox 1135 4177 1286 4251; x_wconf 84' lang='lat' dir='ltr'>existimo</span> 
     </span>
     <span class='ocr_line' id='line_1_39' title="bbox 159 4278 1369 4371; baseline 0.001 -26"><span class='ocrx_word' id='word_1_317' title='bbox 159 4288 315 4345; x_wconf 86' lang='lat' dir='ltr'>metarum</span> <span class='ocrx_word' id='word_1_318' title='bbox 338 4278 390 4343; x_wconf 86' lang='lat' dir='ltr'>vei</span> <span class='ocrx_word' id='word_1_319' title='bbox 413 4278 585 4364; x_wconf 90' lang='lat' dir='ltr'>cipporum</span> <span class='ocrx_word' id='word_1_320' title='bbox 608 4279 747 4356; x_wconf 81' lang='lat' dir='ltr'>frontem</span> <span class='ocrx_word' id='word_1_321' title='bbox 776 4279 919 4347; x_wconf 84' lang='lat' dir='ltr'>imitatas</span> <span class='ocrx_word' id='word_1_322' title='bbox 948 4301 1021 4346; x_wconf 79' lang='lat' dir='ltr'>csse</span> <span class='ocrx_word' id='word_1_323' title='bbox 1043 4286 1076 4346; x_wconf 89' lang='lat' dir='ltr'>et</span> <span class='ocrx_word' id='word_1_324' title='bbox 1092 4283 1285 4371; x_wconf 72' lang='lat' dir='ltr'>pyramidas</span> <span class='ocrx_word' id='word_1_325' title='bbox 1349 4294 1369 4316; x_wconf 89' lang='lat'>·&#39;</span> 
     </span>
    </p>
   </div>
   <div class='ocr_carea' id='block_1_4' title="bbox 0 0 1590 4908">
    <p class='ocr_par' dir='ltr' id='par_1_6' title="bbox 0 0 1590 4908">
     <span class='ocr_line' id='line_1_40' title="bbox 0 0 1590 4908; baseline 0 1"><span class='ocrx_word' id='word_1_326' title='bbox 0 0 1590 4908; x_wconf 95' lang='lat' dir='ltr'> </span> 
     </span>
    </p>
   </div>
  </div>
 </body>
</html>
