3186 4900
1208 278 1267 342 105

181 456 241 520 bus
264 457 381 542 poenis
404 464 480 544 apte
503 459 666 523 dicuntur.
712 457 805 541 Quae
829 461 938 525 omnia
960 462 1171 528 considerans
1196 485 1310 551 aequa·

181 559 224 623 lea
247 559 385 624 retinere
408 560 512 624 satius
534 561 685 625 existimo
708 583 804 645 quam
827 565 957 649 aqualia
981 565 1134 629 scribere.
1156 565 1257 630 'Illud
1281 567 1309 631 si

179 661 252 745 quis
275 661 358 726 male
382 685 454 728 cum
479 669 659 729 cruciarias
683 665 837 752 coniungi
857 667 996 753 putabit,
1015 690 1081 734 non
1098 669 1309 754 improbabili

179 764 405 830 emendatione
439 777 575 853 reponet
602 789 665 854 per
699 773 883 856 equuleos
917 783 947 834 ct
976 774 1158 836 cruciarias
1175 795 1307 858 poenas.

178 866 272 932 Haec
295 869 448 954 suspicor
469 871 534 934 ritu
556 870 614 934 illo
638 871 785 938 adhibita
808 895 880 938 esse
904 888 1076 938 tormenta.

281 971 345 1037 tol.
389 972 562 1038 Proximae
596 975 778 1040 sententiae
811 977 917 1062 prima
943 978 1044 1043 verba
1066 1001 1103 1042 ex
1128 974 1308 1044 Savaronis

179 1074 368 1140 coniectura
402 1076 442 1141 ab
475 1076 721 1142 Elmenhorstio
756 1086 889 1165 recepta
917 1081 1053 1166 seripsi3
1086 1080 1172 1146 idem
1201 1089 1309 1146 tamen

178 1174 390 1242 Wouwerius
413 1203 452 1243 ex
477 1176 556 1266 Opt.
577 1175 616 1245 C.
637 1182 756 1246 attulit.
792 1177 936 1248 Codices
960 1185 1178 1250 AHRZUP
1202 1185 1307 1250 Paris.

178 1283 262 1346 2783
286 1289 319 1345 et
342 1283 425 1345 3477
451 1286 570 1349 talibas
594 1289 718 1369 eliquat
740 1284 870 1366 habent,
892 1286 977 1351 idem
1003 1284 1197 1353 Sirmondus
1219 1289 1310 1375 Mig-

178 1385 252 1448 nius
274 1384 425 1449 Baretus
467 1386 505 1450 ln
523 1389 555 1452 V
574 1392 729 1473 elipant
751 1390 882 1475 repperi
905 1398 938 1454 et
960 1415 980 1453 a
1002 1392 1131 1456 litterae
1152 1417 1174 1455 a
1197 1414 1309 1478 super-

179 1489 347 1574 scripturn,
369 1489 487 1554 deinde
510 1498 585 1554 ante
608 1497 757 1556 victimas
774 1493 890 1578 prima,
908 1502 945 1557 ut
961 1494 1100 1576 videtur,
1117 1519 1214 1559 manu
1232 1517 1308 1580 qnos

178 1590 336 1672 additum,
359 1600 427 1656 turn
451 1597 587 1674 solvont,
611 1617 676 1659 non
699 1599 836 1660 solvant.
874 1595 963 1661 Illud
985 1597 1040 1660 vix
1059 1596 1242 1664 habendum
1258 1606 1310 1662 est

178 1717 238 1779 pro
252 1696 395 1781 vestigio
408 1719 504 1760 verae
515 1697 680 1780 lectionis,
693 1720 770 1784 qnos
783 1708 870 1763 certe
888 1707 939 1764 est
955 1699 1148 1764 emendandi
1161 1711 1307 1766 conatae.

278 2005 342 2091 Ep.
364 2004 457 2069 VIII
481 2005 500 2067 8
525 2005 627 2090 (427).
673 2007 800 2091 Aprum
828 2007 857 2068 ai
884 2006 1093 2072 mediocriter
1117 2011 1213 2090 colas,
1231 2031 1308 2098 pos·
1367 2054 1372 2064 ·

177 2109 277 2188 rides,
301 2112 330 2171 ai
351 2111 497 2186 nimiam,
522 2108 711 2191 possideris.
759 2107 866 2172 Redde
895 2120 924 2172 te
946 2112 1053 2194 patri,
1078 2113 1175 2177 redde
1199 2127 1228 2178 te
1245 2138 1307 2200 pa-

178 2215 274 2291 triae,
298 2212 396 2275 redde
421 2223 448 2273 te
467 2211 723 2291 etiamfidet'ibne
743 2213 868 2292 amicis,
881 2215 938 2296 qni
954 2217 1025 2278 ima
1037 2229 1207 2299 ponantur
1219 2221 1308 2282 inter

171 2317 317 2402 'affectae
361 2313 429 2378 Ant
452 2315 482 2376 si
505 2325 534 2377 ta
558 2325 684 2377 tantum
709 2313 898 2378 Cincinnati
919 2317 1093 2384 dictatoris
1115 2324 1185 2383 nita
1208 2321 1308 2386 delec-

177 2429 238 2500 tat,
262 2419 333 2482 dac
361 2428 451 2482 ante
473 2416 672 2480 Raciliam
696 2438 774 2501 qnae
799 2417 890 2481 bocer
913 2422 1039 2506 innpat.
1086 2417 1195 2509 Neque
1218 2425 1306 2489 dice-

175 2525 241 2586 rim
275 2523 418 2607 sapienti
444 2524 516 2584 viro
545 2543 613 2584 rem
636 2522 842 2584 domesticam
864 2542 927 2584 non
951 2545 1015 2586 aare
1040 2527 1227 2606 curandam,
1251 2529 1305 2592 sed

176 2646 210 2690 eo
233 2631 491 2710 temperamento,
514 2624 597 2708 qnod
620 2645 684 2686 non
708 2625 809 2687 solam
832 2625 909 2707 qnid
933 2624 1059 2708 babere,
1084 2629 1138 2692 aed
1160 2630 1239 2713 qnid
1253 2632 1305 2695 de-

176 2731 248 2792 beat
271 2749 335 2792 enac
358 2727 547 2790 consideret.

278 2831 342 2896 368.
388 2831 551 2894 Raciliam
584 2837 671 2894 recte
707 2828 778 2893 sine
806 2828 904 2893 dubio
935 2831 1071 2917 scripsit
1094 2829 1304 2915 Sirmondus3

176 2934 260 2999 hanc
288 2935 374 2997 enim
406 2933 523 2998 Livius
547 2932 693 3019 appellat
716 2925 907 2996 Cincinnati
934 2955 1077 2999 uxorem.
1123 2937 1305 3003 Hersiliam

175 3036 306 3102 Romuli
339 3037 520 3122 coniugem,
543 3058 639 3120 quam
673 3031 830 3100 Sidonius
854 3058 952 3100 carm.
977 3038 1071 3118 nito
1094 3041 1188 3126 (508)
1218 3064 1305 3106 corn-

175 3148 343 3222 memorat‚
375 3140 502 3205 librarii
535 3139 676 3203 fortasse
709 3139 743 3203 in
776 3149 883 3203 mente
917 3139 1108 3223 habuerunt,
1144 3143 1304 3229 siquidem

177 3241 341 3307 Erciliam
369 3264 482 3307 omnes
511 3243 578 3307 fere
606 3242 824 3328 scripserant3
858 3264 897 3307 ex
927 3242 953 3306 Z
982 3245 1149 3310 arihiliam
1171 3247 1305 3313 Manius

177 3345 354 3410 adnotavit.
399 3347 513 3410 Minus
546 3353 635 3411 recte
670 3341 863 3410 Sirmondus
892 3357 966 3410 ante
994 3347 1144 3413 coniecit.
1189 3351 1305 3436 Neque

176 3450 262 3514 enim
285 3449 348 3514 hoc
371 3450 474 3514 arnico
499 3445 629 3513 Sidonii
651 3448 817 3530 ruralium,
839 3456 876 3512 ut
898 3450 953 3530 ait,
977 3472 1113 3537 operum
1131 3454 1304 3540 negotioso

177 3553 339 3634 convenit,
368 3575 440 3617 cum
474 3553 603 3616 tandem
635 3553 746 3639 potius
780 3559 996 3638 exspectetur.
1043 3550 1238 3620 Sirmondus
1271 3557 1305 3620 in

177 3664 285 3719 vetere
317 3653 403 3719 libro
437 3653 519 3719 dicit
549 3676 622 3719 esse
656 3655 773 3719 ducant
806 3653 981 3736 Ercilium,
1009 3655 1043 3718 in
1066 3656 1099 3722 V
1122 3663 1155 3720 et
1181 3679 1242 3744 ego
1273 3665 1306 3722 et

110 3781 112 3785 ·
177 3757 313 3822 Manius
346 3757 549 3844 repperimus
582 3759 744 3838 ducant,
777 3756 865 3843 quod
900 3756 960 3822 sub
994 3757 1096 3823 altero
1129 3783 1151 3822 a
1176 3759 1211 3823 in
1241 3760 1306 3825 dua

176 3860 338 3926 vocabula
370 3858 579 3924 dividendum
612 3859 765 3941 secunda,
791 3867 828 3922 ut
855 3859 993 3944 videtur,
1021 3882 1118 3924 manu
1140 3861 1305 3948 significa-

178 3973 239 4028 tur.
284 3965 360 4029 Hoc
381 3965 416 4027 in
443 3963 477 4027 H
505 3987 632 4049 quoque
665 3964 787 4028 factum
820 3970 881 4044 est,
913 3971 992 4048 post
1020 3964 1080 4028 dac
1108 3971 1215 4029 autem
1237 3974 1304 4032 tres

178 4069 245 4132 fere
274 4066 402 4131 litterae
430 4088 542 4131 erasae
565 4074 656 4145 sunt3
689 4067 723 4130 in
745 4066 776 4131 R
797 4067 1008 4132 dacerciliom
1032 4067 1196 4150 scribitur,
1218 4070 1305 4136 idern

176 4171 211 4234 in
233 4170 275 4251 A,
299 4176 377 4255 post
399 4170 459 4234 dac
482 4169 649 4234 dividendi
672 4177 751 4234 nota
774 4176 890 4256 postea
905 4169 1101 4255 interposita
1117 4179 1177 4236 est.
1200 4171 1306 4238 Wou-

179 4273 300 4338 werina
336 4295 375 4336 ex
409 4272 579 4337 codicibus
614 4273 723 4338 adfert
755 4272 915 4352 diarium,
944 4271 1102 4352 Exilium,
1131 4271 1304 4358 Erciliam,

178 4378 251 4463 ipse
279 4377 412 4440 ducito
444 4374 638 4441 Galeriam
662 4377 793 4456 scribit3
827 4373 952 4440 Savaro
975 4376 1304 4466 Elmenhorstiusque
