<?xml version="1.0" encoding="UTF-8"?>
<!DOCTYPE html PUBLIC "-//W3C//DTD XHTML 1.0 Transitional//EN"
    "http://www.w3.org/TR/xhtml1/DTD/xhtml1-transitional.dtd">
<html xmlns="http://www.w3.org/1999/xhtml" xml:lang="en" lang="en">
 <head>
  <title>
</title>
<meta http-equiv="Content-Type" content="text/html;charset=utf-8" />
  <meta name='ocr-system' content='tesseract 3.04.00' />
  <meta name='ocr-capabilities' content='ocr_page ocr_carea ocr_par ocr_line ocrx_word'/>
</head>
<body>
  <div class='ocr_page' id='page_1' title='image "./deapollinarisid00gustgoog_0149.png"; bbox 0 0 3186 4900; ppageno 0'>
   <div class='ocr_carea' id='block_1_1' title="bbox 361 273 423 338">
    <p class='ocr_par' dir='ltr' id='par_1_1' title="bbox 361 273 423 338">
     <span class='ocr_line' id='line_1_1' title="bbox 361 273 423 338; baseline -0.032 0"><span class='ocrx_word' id='word_1_1' title='bbox 361 273 423 338; x_wconf 78' lang='lat'>120</span> 
     </span>
    </p>
   </div>
   <div class='ocr_carea' id='block_1_2' title="bbox 314 460 1449 1064">
    <p class='ocr_par' dir='ltr' id='par_1_2' title="bbox 314 460 1449 1064">
     <span class='ocr_line' id='line_1_2' title="bbox 314 460 1449 550; baseline 0.001 -25"><span class='ocrx_word' id='word_1_2' title='bbox 314 461 375 550; x_wconf 89' lang='lat' dir='ltr'>lyti</span> <span class='ocrx_word' id='word_1_3' title='bbox 397 462 492 528; x_wconf 88' lang='lat' dir='ltr'>Aviti</span> <span class='ocrx_word' id='word_1_4' title='bbox 525 460 644 547; x_wconf 90' lang='lat' dir='ltr'>pudori</span> <span class='ocrx_word' id='word_1_5' title='bbox 672 461 852 548; x_wconf 86' lang='lat' dir='ltr'>opponitur</span> <span class='ocrx_word' id='word_1_6' title='bbox 879 469 914 526; x_wconf 88' lang='lat' dir='ltr'>et</span> <span class='ocrx_word' id='word_1_7' title='bbox 939 461 1081 546; x_wconf 90' lang='lat' dir='ltr'>quodam</span> <span class='ocrx_word' id='word_1_8' title='bbox 1103 460 1202 528; x_wconf 92' lang='lat' dir='ltr'>modo</span> <span class='ocrx_word' id='word_1_9' title='bbox 1225 461 1449 548; x_wconf 77' lang='lat' dir='ltr'><strong>postponitur,</strong></span> 
     </span>
     <span class='ocr_line' id='line_1_3' title="bbox 315 561 1448 652; baseline 0 -22"><span class='ocrx_word' id='word_1_10' title='bbox 315 564 403 650; x_wconf 92' lang='lat' dir='ltr'>quod</span> <span class='ocrx_word' id='word_1_11' title='bbox 426 563 516 629; x_wconf 89' lang='lat' dir='ltr'>illius</span> <span class='ocrx_word' id='word_1_12' title='bbox 540 564 646 652; x_wconf 89' lang='lat' dir='ltr'>turpis</span> <span class='ocrx_word' id='word_1_13' title='bbox 676 565 776 630; x_wconf 84' lang='lat' dir='ltr'>fuerit</span> <span class='ocrx_word' id='word_1_14' title='bbox 798 587 907 647; x_wconf 84' lang='lat' dir='ltr'>causa,</span> <span class='ocrx_word' id='word_1_15' title='bbox 932 564 1028 630; x_wconf 88' lang='lat' dir='ltr'>huius</span> <span class='ocrx_word' id='word_1_16' title='bbox 1053 564 1295 630; x_wconf 86' lang='lat' dir='ltr'>honestissima.</span> <span class='ocrx_word' id='word_1_17' title='bbox 1339 561 1448 647; x_wconf 82' lang='lat' dir='ltr'>Quam</span> 
     </span>
     <span class='ocr_line' id='line_1_4' title="bbox 314 667 1448 754; baseline 0.001 -23"><span class='ocrx_word' id='word_1_18' title='bbox 314 667 488 733; x_wconf 88' lang='lat' dir='ltr'>lectionem</span> <span class='ocrx_word' id='word_1_19' title='bbox 523 667 667 733; x_wconf 86' lang='lat' dir='ltr'>librariis</span> <span class='ocrx_word' id='word_1_20' title='bbox 696 667 908 754; x_wconf 81' lang='lat' dir='ltr'>displicuisse</span> <span class='ocrx_word' id='word_1_21' title='bbox 930 668 1063 732; x_wconf 91' lang='lat' dir='ltr'>minime</span> <span class='ocrx_word' id='word_1_22' title='bbox 1085 667 1268 733; x_wconf 88' lang='lat' dir='ltr'>mirandum</span> <span class='ocrx_word' id='word_1_23' title='bbox 1290 676 1351 751; x_wconf 81' lang='lat' dir='ltr'>est,</span> <span class='ocrx_word' id='word_1_24' title='bbox 1374 690 1448 733; x_wconf 89' lang='lat' dir='ltr'>curn</span> 
     </span>
     <span class='ocr_line' id='line_1_5' title="bbox 315 769 1449 858; baseline -0.002 -22"><span class='ocrx_word' id='word_1_25' title='bbox 315 779 348 836; x_wconf 84' lang='lat' dir='ltr'>et</span> <span class='ocrx_word' id='word_1_26' title='bbox 381 773 494 836; x_wconf 78' lang='lat' dir='ltr'>sudum</span> <span class='ocrx_word' id='word_1_27' title='bbox 522 795 630 836; x_wconf 88' lang='lat' dir='ltr'>rarum</span> <span class='ocrx_word' id='word_1_28' title='bbox 654 771 699 836; x_wconf 85' lang='lat' dir='ltr'>sit</span> <span class='ocrx_word' id='word_1_29' title='bbox 720 771 965 856; x_wconf 72' lang='lat' dir='ltr'>insolenterque</span> <span class='ocrx_word' id='word_1_30' title='bbox 988 793 1049 858; x_wconf 94' lang='lat' dir='ltr'>pro</span> <span class='ocrx_word' id='word_1_31' title='bbox 1073 769 1228 837; x_wconf 87' lang='lat' dir='ltr'>adverbio</span> <span class='ocrx_word' id='word_1_32' title='bbox 1251 779 1393 856; x_wconf 88' lang='lat' dir='ltr'>ponatur</span> <span class='ocrx_word' id='word_1_33' title='bbox 1415 779 1449 835; x_wconf 86' lang='lat' dir='ltr'>et</span> 
     </span>
     <span class='ocr_line' id='line_1_6' title="bbox 315 873 1447 960; baseline -0.002 -21"><span class='ocrx_word' id='word_1_34' title='bbox 315 883 393 960; x_wconf 86' lang='lat' dir='ltr'>post</span> <span class='ocrx_word' id='word_1_35' title='bbox 421 877 517 940; x_wconf 69' lang='lat' dir='ltr'>umal</span> <span class='ocrx_word' id='word_1_36' title='bbox 545 897 611 938; x_wconf 93' lang='lat' dir='ltr'>non</span> <span class='ocrx_word' id='word_1_37' title='bbox 639 874 746 940; x_wconf 88' lang='lat' dir='ltr'>soleat</span> <span class='ocrx_word' id='word_1_38' title='bbox 772 873 864 958; x_wconf 91' lang='lat' dir='ltr'>sequi</span> <span class='ocrx_word' id='word_1_39' title='bbox 894 895 964 939; x_wconf 77' lang='lat' dir='ltr'>cum</span> <span class='ocrx_word' id='word_1_40' title='bbox 992 873 1180 938; x_wconf 85' lang='lat' dir='ltr'>coniunctio</span> <span class='ocrx_word' id='word_1_41' title='bbox 1209 881 1243 938; x_wconf 86' lang='lat' dir='ltr'>et</span> <span class='ocrx_word' id='word_1_42' title='bbox 1264 898 1285 936; x_wconf 85' lang='lat' dir='ltr'>a</span> <span class='ocrx_word' id='word_1_43' title='bbox 1308 896 1447 959; x_wconf 88' lang='lat' dir='ltr'>praepo-</span> 
     </span>
     <span class='ocr_line' id='line_1_7' title="bbox 315 975 1447 1064; baseline -0.001 -23"><span class='ocrx_word' id='word_1_44' title='bbox 315 977 393 1041; x_wconf 87' lang='lat' dir='ltr'>sitio</span> <span class='ocrx_word' id='word_1_45' title='bbox 422 999 666 1064; x_wconf 73' lang='lat' dir='ltr'>superuaoanea</span> <span class='ocrx_word' id='word_1_46' title='bbox 687 975 852 1054; x_wconf 82' lang='lat' dir='ltr'>videatur3</span> <span class='ocrx_word' id='word_1_47' title='bbox 874 976 915 1041; x_wconf 91' lang='lat' dir='ltr'>de</span> <span class='ocrx_word' id='word_1_48' title='bbox 938 975 1037 1040; x_wconf 90' lang='lat' dir='ltr'>simili</span> <span class='ocrx_word' id='word_1_49' title='bbox 1060 1000 1080 1040; x_wconf 86' lang='lat' dir='ltr'>a</span> <span class='ocrx_word' id='word_1_50' title='bbox 1103 976 1363 1063; x_wconf 82' lang='lat' dir='ltr'>praepositionis</span> <span class='ocrx_word' id='word_1_51' title='bbox 1386 998 1447 1041; x_wconf 87' lang='lat' dir='ltr'>nau</span> 
     </span>
    </p>
   </div>
   <div class='ocr_carea' id='block_1_3' title="bbox 297 1074 1567 1167">
    <p class='ocr_par' dir='ltr' id='par_1_3' title="bbox 297 1074 1567 1167">
     <span class='ocr_line' id='line_1_8' title="bbox 297 1074 1567 1167; baseline 0.005 -24"><span class='ocrx_word' id='word_1_52' title='bbox 297 1074 378 1145; x_wconf 57' lang='lat' dir='ltr'>&#39;iam</span> <span class='ocrx_word' id='word_1_53' title='bbox 418 1079 528 1145; x_wconf 92' lang='lat' dir='ltr'>Plinio</span> <span class='ocrx_word' id='word_1_54' title='bbox 566 1080 685 1144; x_wconf 90' lang='lat' dir='ltr'>minori</span> <span class='ocrx_word' id='word_1_55' title='bbox 726 1079 866 1167; x_wconf 86' lang='lat' dir='ltr'>probato</span> <span class='ocrx_word' id='word_1_56' title='bbox 900 1080 950 1144; x_wconf 88' lang='lat' dir='ltr'>cfr</span> <span class='ocrx_word' id='word_1_57' title='bbox 982 1101 1065 1163; x_wconf 87' lang='lat' dir='ltr'>quae</span> <span class='ocrx_word' id='word_1_58' title='bbox 1102 1079 1187 1144; x_wconf 82' lang='lat' dir='ltr'>dixit</span> <span class='ocrx_word' id='word_1_59' title='bbox 1219 1079 1379 1144; x_wconf 81' lang='lat' dir='ltr'>Krentios</span> <span class='ocrx_word' id='word_1_60' title='bbox 1413 1081 1447 1144; x_wconf 93' lang='lat' dir='ltr'>in</span> <span class='ocrx_word' id='word_1_61' title='bbox 1566 1134 1567 1149; x_wconf 40' lang='lat' dir='ltr'>i</span> 
     </span>
    </p>
   </div>
   <div class='ocr_carea' id='block_1_4' title="bbox 317 1179 1198 1270">
    <p class='ocr_par' dir='ltr' id='par_1_4' title="bbox 317 1179 1198 1270">
     <span class='ocr_line' id='line_1_9' title="bbox 317 1179 1198 1270; baseline -0.001 -23"><span class='ocrx_word' id='word_1_62' title='bbox 317 1184 571 1270; x_wconf 83' lang='lat' dir='ltr'>programmatis</span> <span class='ocrx_word' id='word_1_63' title='bbox 594 1179 864 1248; x_wconf 88' lang='lat' dir='ltr'>Schoenthaliani</span> <span class='ocrx_word' id='word_1_64' title='bbox 888 1206 916 1246; x_wconf 87' lang='lat' dir='ltr'>a.</span> <span class='ocrx_word' id='word_1_65' title='bbox 943 1183 1024 1246; x_wconf 82' lang='grc'><strong>1872</strong></span> <span class='ocrx_word' id='word_1_66' title='bbox 1047 1205 1123 1269; x_wconf 84' lang='lat' dir='ltr'>pag.</span> <span class='ocrx_word' id='word_1_67' title='bbox 1147 1184 1198 1247; x_wconf 90' lang='grc'>20.</span> 
     </span>
    </p>
   </div>
   <div class='ocr_carea' id='block_1_5' title="bbox 418 1488 887 1576">
    <p class='ocr_par' dir='ltr' id='par_1_5' title="bbox 418 1488 887 1576">
     <span class='ocr_line' id='line_1_10' title="bbox 418 1488 887 1576; baseline -0.006 -20"><span class='ocrx_word' id='word_1_68' title='bbox 418 1488 529 1556; x_wconf 85' lang='lat' dir='ltr'>Carm.</span> <span class='ocrx_word' id='word_1_69' title='bbox 554 1492 583 1573; x_wconf 81' lang='grc'>7,</span> <span class='ocrx_word' id='word_1_70' title='bbox 607 1492 670 1557; x_wconf 82' lang='grc'>372</span> <span class='ocrx_word' id='word_1_71' title='bbox 694 1513 761 1575; x_wconf 88' lang='lat' dir='ltr'>seq.</span> <span class='ocrx_word' id='word_1_72' title='bbox 786 1491 887 1576; x_wconf 77' lang='lat'><strong>(506).</strong></span> 
     </span>
    </p>
   </div>
   <div class='ocr_carea' id='block_1_6' title="bbox 401 1643 1346 2020">
    <p class='ocr_par' dir='ltr' id='par_1_6' title="bbox 402 1643 1346 1939">
     <span class='ocr_line' id='line_1_11' title="bbox 402 1643 1346 1732; baseline 0.001 -25"><span class='ocrx_word' id='word_1_73' title='bbox 402 1643 550 1710; x_wconf 79' lang='lat' dir='ltr'>Frauoue</span> <span class='ocrx_word' id='word_1_74' title='bbox 574 1644 772 1716; x_wconf 79' lang='lat' dir='ltr'>Germanum</span> <span class='ocrx_word' id='word_1_75' title='bbox 788 1647 936 1731; x_wconf 78' lang='lat' dir='ltr'>primum</span> <span class='ocrx_word' id='word_1_76' title='bbox 960 1644 1154 1732; x_wconf 71' lang='lat' dir='ltr'>Belpamque</span> <span class='ocrx_word' id='word_1_77' title='bbox 1177 1645 1346 1710; x_wconf 80' lang='lat' dir='ltr'>secuudum</span> 
     </span>
     <span class='ocr_line' id='line_1_12' title="bbox 404 1747 1296 1836; baseline -0.001 -25"><span class='ocrx_word' id='word_1_78' title='bbox 404 1749 577 1829; x_wconf 78' lang='lat' dir='ltr'>sternebat,</span> <span class='ocrx_word' id='word_1_79' title='bbox 602 1749 816 1836; x_wconf 72' lang='lat' dir='ltr'>Rhenumque,</span> <span class='ocrx_word' id='word_1_80' title='bbox 830 1750 931 1833; x_wconf 73' lang='lat' dir='ltr'>feror</span> <span class='ocrx_word' id='word_1_81' title='bbox 953 1747 1144 1828; x_wconf 80' lang='lat' dir='ltr'>Alcmenae,</span> <span class='ocrx_word' id='word_1_82' title='bbox 1168 1748 1296 1813; x_wconf 79' lang='lat' dir='ltr'>bibebas</span> 
     </span>
     <span class='ocr_line' id='line_1_13' title="bbox 405 1850 1232 1939; baseline -0.006 -21"><span class='ocrx_word' id='word_1_83' title='bbox 405 1853 572 1918; x_wconf 80' lang='lat' dir='ltr'>Romani</span> <span class='ocrx_word' id='word_1_84' title='bbox 596 1853 682 1938; x_wconf 79' lang='lat' dir='ltr'>ripia</span> <span class='ocrx_word' id='word_1_85' title='bbox 705 1864 734 1917; x_wconf 83' lang='lat' dir='ltr'>et</span> <span class='ocrx_word' id='word_1_86' title='bbox 756 1864 893 1939; x_wconf 81' lang='lat' dir='ltr'>utroque</span> <span class='ocrx_word' id='word_1_87' title='bbox 916 1850 1069 1938; x_wconf 77' lang='lat' dir='ltr'>superbus</span> <span class='ocrx_word' id='word_1_88' title='bbox 1092 1854 1128 1914; x_wconf 81' lang='lat' dir='ltr'>iu</span> <span class='ocrx_word' id='word_1_89' title='bbox 1150 1871 1232 1937; x_wconf 67' lang='lat' dir='ltr'>apro</span> 
     </span>
    </p>

    <p class='ocr_par' dir='ltr' id='par_1_7' title="bbox 401 1957 860 2020">
     <span class='ocr_line' id='line_1_14' title="bbox 401 1957 860 2020; baseline -0.007 0"><span class='ocrx_word' id='word_1_90' title='bbox 401 1958 452 2020; x_wconf 83' lang='lat' dir='ltr'>cel</span> <span class='ocrx_word' id='word_1_91' title='bbox 475 1959 553 2020; x_wconf 82' lang='lat' dir='ltr'>civis</span> <span class='ocrx_word' id='word_1_92' title='bbox 575 1957 626 2019; x_wconf 86' lang='lat' dir='ltr'>uel</span> <span class='ocrx_word' id='word_1_93' title='bbox 647 1959 754 2019; x_wconf 79' lang='lat' dir='ltr'>vietor·</span> <span class='ocrx_word' id='word_1_94' title='bbox 777 1976 860 2020; x_wconf 79' lang='lat' dir='ltr'>eros.</span> 
     </span>
    </p>
   </div>
   <div class='ocr_carea' id='block_1_7' title="bbox 317 2107 1446 2298">
    <p class='ocr_par' dir='ltr' id='par_1_8' title="bbox 317 2107 1446 2298">
     <span class='ocr_line' id='line_1_15' title="bbox 418 2107 1446 2190; baseline -0.002 -15"><span class='ocrx_word' id='word_1_95' title='bbox 418 2110 483 2176; x_wconf 76' lang='lat'>408.</span> <span class='ocrx_word' id='word_1_96' title='bbox 528 2107 662 2190; x_wconf 89' lang='lat' dir='ltr'>Melius,</span> <span class='ocrx_word' id='word_1_97' title='bbox 698 2109 730 2173; x_wconf 89' lang='lat' dir='ltr'>ni</span> <span class='ocrx_word' id='word_1_98' title='bbox 765 2108 873 2189; x_wconf 85' lang='lat' dir='ltr'>fallor,</span> <span class='ocrx_word' id='word_1_99' title='bbox 902 2109 1043 2172; x_wconf 80' lang='lat' dir='ltr'>Romani</span> <span class='ocrx_word' id='word_1_100' title='bbox 1071 2108 1226 2172; x_wconf 80' lang='lat' dir='ltr'>scribitur</span> <span class='ocrx_word' id='word_1_101' title='bbox 1248 2109 1281 2172; x_wconf 89' lang='lat' dir='ltr'>in</span> <span class='ocrx_word' id='word_1_102' title='bbox 1303 2108 1335 2171; x_wconf 85' lang='lat' dir='ltr'>A</span> <span class='ocrx_word' id='word_1_103' title='bbox 1357 2117 1391 2172; x_wconf 86' lang='lat' dir='ltr'>et</span> <span class='ocrx_word' id='word_1_104' title='bbox 1412 2109 1446 2173; x_wconf 91' lang='lat' dir='ltr'>H</span> 
     </span>
     <span class='ocr_line' id='line_1_16' title="bbox 317 2211 881 2298; baseline -0.007 -21"><span class='ocrx_word' id='word_1_105' title='bbox 317 2237 412 2298; x_wconf 86' lang='lat' dir='ltr'>quam</span> <span class='ocrx_word' id='word_1_106' title='bbox 437 2213 592 2276; x_wconf 81' lang='lat' dir='ltr'>Romania</span> <span class='ocrx_word' id='word_1_107' title='bbox 616 2213 649 2276; x_wconf 93' lang='lat' dir='ltr'>in</span> <span class='ocrx_word' id='word_1_108' title='bbox 672 2211 881 2276; x_wconf 86' lang='lat' dir='ltr'>editionibus.</span> 
     </span>
    </p>
   </div>
   <div class='ocr_carea' id='block_1_8' title="bbox 420 2489 844 2578">
    <p class='ocr_par' dir='ltr' id='par_1_9' title="bbox 420 2489 844 2578">
     <span class='ocr_line' id='line_1_17' title="bbox 420 2489 844 2578; baseline -0.012 -18"><span class='ocrx_word' id='word_1_109' title='bbox 420 2489 530 2560; x_wconf 81' lang='lat' dir='ltr'>Oarm.</span> <span class='ocrx_word' id='word_1_110' title='bbox 554 2496 585 2576; x_wconf 85' lang='lat'>9,</span> <span class='ocrx_word' id='word_1_111' title='bbox 610 2498 624 2559; x_wconf 94' lang='lat' dir='ltr'>l</span> <span class='ocrx_word' id='word_1_112' title='bbox 651 2515 717 2578; x_wconf 89' lang='lat' dir='ltr'>seq.</span> <span class='ocrx_word' id='word_1_113' title='bbox 742 2495 844 2578; x_wconf 77' lang='lat'>(477).</span> 
     </span>
    </p>
   </div>
   <div class='ocr_carea' id='block_1_9' title="bbox 484 2647 1236 2942">
    <p class='ocr_par' dir='ltr' id='par_1_10' title="bbox 484 2647 1236 2942">
     <span class='ocr_line' id='line_1_18' title="bbox 494 2647 1224 2735; baseline -0.001 -22"><span class='ocrx_word' id='word_1_114' title='bbox 494 2649 569 2732; x_wconf 78' lang='lat' dir='ltr'>Du,</span> <span class='ocrx_word' id='word_1_115' title='bbox 592 2651 646 2714; x_wconf 80' lang='lat' dir='ltr'>dio</span> <span class='ocrx_word' id='word_1_116' title='bbox 668 2649 751 2734; x_wconf 80' lang='lat' dir='ltr'>quod</span> <span class='ocrx_word' id='word_1_117' title='bbox 771 2660 858 2733; x_wconf 83' lang='lat' dir='ltr'>peto,</span> <span class='ocrx_word' id='word_1_118' title='bbox 883 2647 1012 2735; x_wconf 70' lang='lat' dir='ltr'>Meque,</span> <span class='ocrx_word' id='word_1_119' title='bbox 1035 2649 1088 2714; x_wconf 82' lang='lat' dir='ltr'>dio</span> <span class='ocrx_word' id='word_1_120' title='bbox 1111 2650 1224 2713; x_wconf 87' lang='lat' dir='ltr'>amabo</span> 
     </span>
     <span class='ocr_line' id='line_1_19' title="bbox 484 2752 1139 2840; baseline -0.003 -24"><span class='ocrx_word' id='word_1_121' title='bbox 484 2753 571 2840; x_wconf 75' lang='lat' dir='ltr'>jeliu</span> <span class='ocrx_word' id='word_1_122' title='bbox 592 2755 720 2816; x_wconf 81' lang='lat' dir='ltr'>nomine</span> <span class='ocrx_word' id='word_1_123' title='bbox 743 2764 845 2815; x_wconf 84' lang='lat' dir='ltr'>mente</span> <span class='ocrx_word' id='word_1_124' title='bbox 870 2752 989 2816; x_wconf 78' lang='lat' dir='ltr'>bonore</span> <span class='ocrx_word' id='word_1_125' title='bbox 1009 2752 1139 2832; x_wconf 77' lang='lat' dir='ltr'>formo</span> 
     </span>
     <span class='ocr_line' id='line_1_20' title="bbox 491 2854 1236 2942; baseline -0.003 -23"><span class='ocrx_word' id='word_1_126' title='bbox 491 2857 580 2920; x_wconf 81' lang='lat' dir='ltr'>notia</span> <span class='ocrx_word' id='word_1_127' title='bbox 604 2858 736 2940; x_wconf 68' lang='lat' dir='ltr'>ooniuye</span> <span class='ocrx_word' id='word_1_128' title='bbox 750 2854 922 2942; x_wconf 79' lang='lat' dir='ltr'>fratribus</span> <span class='ocrx_word' id='word_1_129' title='bbox 941 2865 1079 2938; x_wconf 80' lang='lat' dir='ltr'>parente</span> <span class='ocrx_word' id='word_1_130' title='bbox 1101 2861 1134 2917; x_wconf 86' lang='lat' dir='ltr'>et</span> <span class='ocrx_word' id='word_1_131' title='bbox 1155 2876 1185 2939; x_wconf 91' lang='lat' dir='ltr'>q.</span> <span class='ocrx_word' id='word_1_132' title='bbox 1210 2876 1236 2918; x_wconf 90' lang='lat' dir='ltr'>s.</span> 
     </span>
    </p>
   </div>
   <div class='ocr_carea' id='block_1_10' title="bbox 318 3007 1449 3304">
    <p class='ocr_par' dir='ltr' id='par_1_11' title="bbox 318 3007 1449 3304">
     <span class='ocr_line' id='line_1_21' title="bbox 421 3007 1448 3094; baseline -0.005 -18"><span class='ocrx_word' id='word_1_133' title='bbox 421 3010 485 3076; x_wconf 72' lang='lat' dir='ltr'>itt.</span> <span class='ocrx_word' id='word_1_134' title='bbox 530 3009 652 3074; x_wconf 79' lang='lat' dir='ltr'>Formo</span> <span class='ocrx_word' id='word_1_135' title='bbox 686 3033 723 3075; x_wconf 87' lang='lat' dir='ltr'>ex</span> <span class='ocrx_word' id='word_1_136' title='bbox 755 3010 787 3074; x_wconf 81' lang='lat' dir='ltr'>A</span> <span class='ocrx_word' id='word_1_137' title='bbox 809 3017 842 3074; x_wconf 90' lang='lat' dir='ltr'>et</span> <span class='ocrx_word' id='word_1_138' title='bbox 864 3009 894 3074; x_wconf 87' lang='lat' dir='ltr'><strong>R</strong></span> <span class='ocrx_word' id='word_1_139' title='bbox 917 3007 1123 3074; x_wconf 88' lang='lat' dir='ltr'>scribendum</span> <span class='ocrx_word' id='word_1_140' title='bbox 1157 3015 1216 3090; x_wconf 86' lang='lat' dir='ltr'>est,</span> <span class='ocrx_word' id='word_1_141' title='bbox 1250 3031 1315 3072; x_wconf 90' lang='lat' dir='ltr'>non</span> <span class='ocrx_word' id='word_1_142' title='bbox 1340 3009 1448 3094; x_wconf 75' lang='lat' dir='ltr'>samo,</span> 
     </span>
     <span class='ocr_line' id='line_1_22' title="bbox 318 3111 1449 3200; baseline 0.001 -25"><span class='ocrx_word' id='word_1_143' title='bbox 318 3114 405 3198; x_wconf 92' lang='lat' dir='ltr'>qnod</span> <span class='ocrx_word' id='word_1_144' title='bbox 428 3137 447 3177; x_wconf 87' lang='lat' dir='ltr'>a</span> <span class='ocrx_word' id='word_1_145' title='bbox 470 3112 634 3200; x_wconf 90' lang='lat' dir='ltr'>plerisque</span> <span class='ocrx_word' id='word_1_146' title='bbox 657 3113 839 3179; x_wconf 87' lang='lat' dir='ltr'>editoribus</span> <span class='ocrx_word' id='word_1_147' title='bbox 862 3121 1027 3200; x_wconf 88' lang='lat' dir='ltr'>receptum</span> <span class='ocrx_word' id='word_1_148' title='bbox 1051 3133 1154 3197; x_wconf 89' lang='lat' dir='ltr'>neque</span> <span class='ocrx_word' id='word_1_149' title='bbox 1177 3111 1252 3176; x_wconf 87' lang='lat' dir='ltr'>huic</span> <span class='ocrx_word' id='word_1_150' title='bbox 1275 3112 1349 3177; x_wconf 88' lang='lat' dir='ltr'>loco</span> <span class='ocrx_word' id='word_1_151' title='bbox 1371 3133 1449 3176; x_wconf 91' lang='lat' dir='ltr'>oon·</span> 
     </span>
     <span class='ocr_line' id='line_1_23' title="bbox 320 3209 1448 3304; baseline -0.002 -24"><span class='ocrx_word' id='word_1_152' title='bbox 320 3218 409 3280; x_wconf 87' lang='lat' dir='ltr'>vonit</span> <span class='ocrx_word' id='word_1_153' title='bbox 438 3238 540 3301; x_wconf 92' lang='lat' dir='ltr'>neque</span> <span class='ocrx_word' id='word_1_154' title='bbox 568 3217 639 3280; x_wconf 87' lang='lat' dir='ltr'>viro</span> <span class='ocrx_word' id='word_1_155' title='bbox 663 3218 789 3301; x_wconf 91' lang='lat' dir='ltr'>dequo</span> <span class='ocrx_word' id='word_1_156' title='bbox 813 3217 929 3304; x_wconf 83' lang='lat' dir='ltr'>agitur.</span> <span class='ocrx_word' id='word_1_157' title='bbox 974 3209 1037 3281; x_wconf 82' lang='lat' dir='ltr'>Ofr</span> <span class='ocrx_word' id='word_1_158' title='bbox 1060 3237 1157 3280; x_wconf 87' lang='lat' dir='ltr'>carm.</span> <span class='ocrx_word' id='word_1_159' title='bbox 1182 3217 1234 3296; x_wconf 84' lang='grc'>23,</span> <span class='ocrx_word' id='word_1_160' title='bbox 1256 3218 1318 3279; x_wconf 76' lang='lat'>455</span> <span class='ocrx_word' id='word_1_161' title='bbox 1342 3217 1448 3301; x_wconf 79' lang='lat'>(591).</span> 
     </span>
    </p>
   </div>
   <div class='ocr_carea' id='block_1_11' title="bbox 514 3369 1219 3667">
    <p class='ocr_par' dir='ltr' id='par_1_12' title="bbox 514 3369 1219 3667">
     <span class='ocr_line' id='line_1_24' title="bbox 524 3369 1219 3459; baseline -0.001 -24"><span class='ocrx_word' id='word_1_162' title='bbox 524 3394 578 3436; x_wconf 84' lang='lat' dir='ltr'>reu</span> <span class='ocrx_word' id='word_1_163' title='bbox 599 3393 668 3451; x_wconf 81' lang='lat' dir='ltr'>nor,</span> <span class='ocrx_word' id='word_1_164' title='bbox 693 3372 847 3459; x_wconf 74' lang='lat' dir='ltr'>Mupne,</span> <span class='ocrx_word' id='word_1_165' title='bbox 871 3384 942 3436; x_wconf 82' lang='lat' dir='ltr'>tuus</span> <span class='ocrx_word' id='word_1_166' title='bbox 955 3371 1060 3458; x_wconf 81' lang='lat' dir='ltr'>fauor</span> <span class='ocrx_word' id='word_1_167' title='bbox 1083 3369 1219 3450; x_wconf 84' lang='lat' dir='ltr'>tenebat,</span> 
     </span>
     <span class='ocr_line' id='line_1_25' title="bbox 522 3475 1137 3561; baseline -0.007 -21"><span class='ocrx_word' id='word_1_168' title='bbox 522 3477 634 3540; x_wconf 81' lang='lat' dir='ltr'>multis</span> <span class='ocrx_word' id='word_1_169' title='bbox 654 3476 805 3561; x_wconf 78' lang='lat' dir='ltr'>praedite</span> <span class='ocrx_word' id='word_1_170' title='bbox 829 3475 957 3539; x_wconf 83' lang='lat' dir='ltr'>dotibus</span> <span class='ocrx_word' id='word_1_171' title='bbox 980 3477 1137 3552; x_wconf 79' lang='lat' dir='ltr'>uirorum,</span> 
     </span>
     <span class='ocr_line' id='line_1_26' title="bbox 514 3570 1096 3667; baseline 0.002 -27"><span class='ocrx_word' id='word_1_172' title='bbox 514 3570 846 3667; x_wconf 51' lang='lat' dir='ltr'>formo&#39;uobilitute</span> <span class='ocrx_word' id='word_1_173' title='bbox 867 3588 970 3642; x_wconf 80' lang='lat' dir='ltr'>mente</span> <span class='ocrx_word' id='word_1_174' title='bbox 994 3599 1096 3642; x_wconf 76' lang='lat' dir='ltr'>ceusu.</span> 
     </span>
    </p>
   </div>
   <div class='ocr_carea' id='block_1_12' title="bbox 422 3859 798 3951">
    <p class='ocr_par' dir='ltr' id='par_1_13' title="bbox 422 3859 798 3951">
     <span class='ocr_line' id='line_1_27' title="bbox 422 3859 798 3951; baseline -0.005 -21"><span class='ocrx_word' id='word_1_175' title='bbox 422 3859 532 3931; x_wconf 80' lang='lat' dir='ltr'>Oarm.</span> <span class='ocrx_word' id='word_1_176' title='bbox 555 3868 586 3947; x_wconf 86' lang='lat'>9,</span> <span class='ocrx_word' id='word_1_177' title='bbox 612 3867 671 3931; x_wconf 86' lang='grc'>162</span> <span class='ocrx_word' id='word_1_178' title='bbox 694 3866 798 3951; x_wconf 87' lang='grc'>(483).</span> 
     </span>
    </p>
   </div>
   <div class='ocr_carea' id='block_1_13' title="bbox 531 4019 1272 4108">
    <p class='ocr_par' dir='ltr' id='par_1_14' title="bbox 531 4019 1272 4108">
     <span class='ocr_line' id='line_1_28' title="bbox 531 4019 1272 4108; baseline -0.009 -22"><span class='ocrx_word' id='word_1_179' title='bbox 531 4035 559 4086; x_wconf 82' lang='lat' dir='ltr'>et</span> <span class='ocrx_word' id='word_1_180' title='bbox 584 4021 710 4108; x_wconf 71' lang='lat' dir='ltr'>Scyllae</span> <span class='ocrx_word' id='word_1_181' title='bbox 733 4020 916 4106; x_wconf 78' lang='lat' dir='ltr'>rapidum</span> <span class='ocrx_word' id='word_1_182' title='bbox 939 4019 1069 4084; x_wconf 76' lang='lat' dir='ltr'>corneis</span> <span class='ocrx_word' id='word_1_183' title='bbox 1090 4021 1210 4105; x_wconf 74' lang='lat' dir='ltr'>e&#39;npueu</span> <span class='ocrx_word' id='word_1_184' title='bbox 1233 4053 1272 4064; x_wconf 83' lang='lat'>-—</span> 
     </span>
    </p>
   </div>
   <div class='ocr_carea' id='block_1_14' title="bbox 322 4170 1453 4364">
    <p class='ocr_par' dir='ltr' id='par_1_15' title="bbox 322 4170 1453 4364">
     <span class='ocr_line' id='line_1_29' title="bbox 422 4170 1452 4258; baseline -0.01 -16"><span class='ocrx_word' id='word_1_185' title='bbox 422 4178 486 4243; x_wconf 78' lang='lat' dir='ltr'>m.</span> <span class='ocrx_word' id='word_1_186' title='bbox 532 4177 642 4242; x_wconf 88' lang='lat' dir='ltr'>Unum</span> <span class='ocrx_word' id='word_1_187' title='bbox 671 4175 778 4240; x_wconf 88' lang='lat' dir='ltr'>solum</span> <span class='ocrx_word' id='word_1_188' title='bbox 806 4193 935 4237; x_wconf 86' lang='lat' dir='ltr'>versum</span> <span class='ocrx_word' id='word_1_189' title='bbox 963 4172 1135 4258; x_wconf 82' lang='lat' dir='ltr'>exscripsi,</span> <span class='ocrx_word' id='word_1_190' title='bbox 1165 4179 1201 4234; x_wconf 90' lang='lat' dir='ltr'>ut</span> <span class='ocrx_word' id='word_1_191' title='bbox 1227 4192 1323 4234; x_wconf 86' lang='lat' dir='ltr'>unam</span> <span class='ocrx_word' id='word_1_192' title='bbox 1351 4193 1390 4233; x_wconf 84' lang='lat' dir='ltr'>ex</span> <span class='ocrx_word' id='word_1_193' title='bbox 1418 4170 1452 4232; x_wconf 89' lang='lat' dir='ltr'><strong>A</strong></span> 
     </span>
     <span class='ocr_line' id='line_1_30' title="bbox 322 4273 1453 4364; baseline -0.008 -20"><span class='ocrx_word' id='word_1_194' title='bbox 322 4279 437 4346; x_wconf 85' lang='lat' dir='ltr'>codice</span> <span class='ocrx_word' id='word_1_195' title='bbox 460 4282 623 4364; x_wconf 81' lang='lat' dir='ltr'>corrigam</span> <span class='ocrx_word' id='word_1_196' title='bbox 646 4278 803 4354; x_wconf 86' lang='lat' dir='ltr'>litteram3</span> <span class='ocrx_word' id='word_1_197' title='bbox 831 4277 982 4340; x_wconf 83' lang='lat' dir='ltr'>rubidum</span> <span class='ocrx_word' id='word_1_198' title='bbox 1010 4276 1095 4338; x_wconf 84' lang='lat' dir='ltr'>enirn</span> <span class='ocrx_word' id='word_1_199' title='bbox 1118 4275 1151 4338; x_wconf 91' lang='lat' dir='ltr'>in</span> <span class='ocrx_word' id='word_1_200' title='bbox 1174 4286 1217 4338; x_wconf 80' lang='lat' dir='ltr'>eo&#39;</span> <span class='ocrx_word' id='word_1_201' title='bbox 1237 4281 1324 4337; x_wconf 88' lang='lat' dir='ltr'>recte</span> <span class='ocrx_word' id='word_1_202' title='bbox 1347 4273 1453 4358; x_wconf 87' lang='lat' dir='ltr'>scrip·</span> 
     </span>
    </p>
   </div>
   <div class='ocr_carea' id='block_1_15' title="bbox 0 0 1599 4900">
    <p class='ocr_par' dir='ltr' id='par_1_16' title="bbox 0 0 1599 4900">
     <span class='ocr_line' id='line_1_31' title="bbox 0 0 1599 4900; baseline 0 0"><span class='ocrx_word' id='word_1_203' title='bbox 0 0 1599 4900; x_wconf 95' lang='lat' dir='ltr'> </span> 
     </span>
    </p>
   </div>
  </div>
 </body>
</html>
