3186 4900
1251 276 1291 340 73

203 485 261 528 nec
289 467 325 527 in
352 475 447 527 reatu
481 465 706 551 inoestipando
727 485 914 550 persequax.
962 463 1186 528 Subiectorum
1215 474 1334 526 statum

205 569 483 654 condicionemque
513 591 576 631 non
603 568 757 646 dominio,
782 568 836 632 sed
864 566 986 632 iudicio
1014 570 1121 651 repit:
1146 579 1333 650 putescum
1386 589 1390 596 ·

202 672 413 757 propriam
447 671 595 737 domum
622 692 696 734 non
718 672 942 756 possidere,
971 671 1034 734 sed
1054 674 1189 755 potius
1213 669 1333 734 admi-

206 778 397 838 nistrare.

306 877 371 942 253.
418 876 598 962 Propriam
626 879 754 942 domum
781 900 845 940 non
870 877 1046 961 possidere,
1071 877 1125 942 sed
1143 880 1254 962 potius
1278 879 1334 944 ad-

208 984 399 1044 ministrare
428 979 493 1066 (vel
518 983 779 1067 amministrare)
801 981 835 1045 in
859 980 890 1045 A
901 979 936 1044 H
948 979 979 1045 R
992 979 1017 1043 Z
1030 977 1101 1044 VU
1114 979 1150 1044 X
1173 981 1333 1066 scriptum

206 1091 266 1165 est,
289 1084 367 1148 item
390 1083 424 1146 in
446 1083 653 1148 Bruxellensi
676 1092 709 1146 et
730 1084 898 1169 Lipsiensi
916 1082 1101 1162 codicibus3
1123 1083 1156 1147 in
1172 1083 1334 1148 Bernensi

206 1209 270 1250 non
286 1193 359 1250 ante
371 1189 548 1272 propriam
566 1188 692 1251 domum
709 1194 759 1251 est
775 1187 928 1272 positum.
958 1186 1091 1250 Mohrio
1108 1186 1219 1251 nescio
1236 1209 1332 1270 quam

207 1289 248 1354 ob
282 1311 349 1353 rem
383 1289 462 1354 haec
497 1288 702 1375 displiceant,
735 1289 828 1370 illud,
851 1289 938 1374 quod
961 1290 995 1352 in
1024 1287 1334 1354 Wolfenbuttelano

207 1392 320 1457 codice
342 1391 477 1474 invenit,
490 1391 594 1456 solum
605 1415 717 1458 verum
733 1392 897 1457 videatur:
918 1395 1060 1478 propria
1081 1413 1145 1456 non
1158 1394 1335 1477 possidere,

207 1497 260 1560 sed
284 1497 528 1559 administrare.
558 1491 752 1560 Sirmondns
775 1495 888 1559 eodem
910 1495 1007 1560 modo
1031 1503 1127 1580 atque
1150 1518 1211 1582 ego
1228 1495 1335 1561 locum

204 1597 322 1676 edidit3
362 1600 490 1663 domum
523 1604 702 1684 propriam
740 1623 804 1663 non
838 1601 1018 1685 possidere,
1051 1601 1106 1663 scd
1134 1603 1246 1686 potius
1280 1600 1337 1663 ad-

206 1703 399 1765 ministrare
421 1701 566 1786 plerique
590 1700 734 1766 editores
759 1701 888 1782 habent,
912 1702 1052 1767 Baretus
1074 1706 1185 1788 potius
1204 1702 1335 1767 omittit.

206 1796 398 1869 Cavendum
420 1811 472 1868 est
498 1827 537 1868 ne
566 1805 839 1870 consentientium
874 1806 1071 1892 optimorum
1099 1805 1249 1870 codicum
1272 1805 1338 1870 lec-

208 1908 297 1971 tione
320 1908 468 1994 neglecta
497 1908 553 1972 uni
581 1907 716 1972 cuilibet
748 1906 882 1972 librario
916 1908 1066 1974 obsecuti
1092 1917 1148 1973 aut
1174 1907 1337 1972 editorum

207 2010 336 2075 turbam
362 2010 454 2074 veriti
478 2019 546 2074 tum
569 2010 632 2074 hoc
655 2018 723 2075 tum
746 2009 828 2075 illud
849 2007 987 2076 Sidonio
1013 2012 1206 2078 tribuamus,

275 2397 280 2410 ¹
311 2318 373 2403 Ep.
399 2319 450 2383 IV
469 2323 502 2385 ll
531 2319 633 2404 (302).
669 2321 732 2384 Sed
755 2322 833 2405 quid
856 2321 1000 2386 dolorem
1022 2333 1169 2388 nostrum
1191 2323 1337 2387 modera-

211 2425 280 2487 turi
314 2423 418 2486 causis
446 2426 557 2507 potius
591 2423 715 2487 doloris
740 2425 891 2508 fomenta
919 2425 1103 2510 sufficimus.
1154 2423 1280 2510 Erpa,
1302 2440 1337 2492 ut

211 2527 317 2591 dicere
351 2527 606 2605 institueramus,
640 2527 715 2590 luia
746 2531 822 2606 iam,
850 2539 887 2590 ut
914 2541 960 2590 cst
986 2530 1071 2593 illud
1097 2531 1338 2610 Musonianum,

211 2632 315 2694 cineri
346 2631 491 2714 inprato,
525 2630 566 2693 id
600 2641 658 2692 est
684 2634 859 2714 qratiam
888 2652 963 2693 non
986 2634 1185 2712 relaturo,
1208 2637 1337 2697 neniam

210 2733 412 2798 condidimus
451 2735 578 2795 tristem
617 2734 851 2819 luctuosamque
883 2735 1119 2820 propemodum
1159 2735 1336 2816 laboriose,

211 2838 287 2924 quia
301 2837 432 2924 faceret
454 2835 603 2899 dictandi
625 2837 796 2900 desuetudo
814 2837 1048 2922 difficultatem,
1072 2841 1139 2903 nisi
1161 2842 1245 2924 quod
1269 2845 1339 2905 oni-

209 2961 295 3004 mnm
322 2950 443 3002 natura
471 2938 758 3004 desidiosissimum
786 2941 880 3004 dolor
899 2943 982 3028 fletu
1002 2944 1160 3029 prouidus
1183 2946 1337 3009 accendit.

212 3043 308 3107 liius
332 3044 401 3107 loo
425 3064 577 3106 carmen
600 3054 666 3108 est.

417 3194 576 3262 Germani
596 3200 689 3263 decus
713 3211 742 3263 et
766 3202 860 3266 dolor
886 3203 1050 3283 Mamerti,

415 3301 593 3366 mirantum
615 3306 713 3367 unica
732 3325 872 3390 pompa
896 3309 1126 3394 episcoporum,

418 3407 484 3470 loc
506 3407 575 3470 dat
598 3410 713 3492 cespite
737 3409 879 3473 membra
904 3407 1112 3476 Claudianus.

313 3562 377 3627 254.
422 3561 487 3625 Pro
523 3583 599 3645 erpo
628 3575 663 3626 ut
692 3565 798 3628 dicere
822 3565 855 3628 in
878 3565 911 3629 A
934 3565 1093 3651 scriptum
1116 3574 1168 3630 ost
1190 3573 1269 3654 erpo'
1292 3570 1340 3653 (in

210 3665 274 3728 fine
301 3665 432 3751 versus)
459 3686 497 3729 ne
526 3666 642 3745 dicere,
666 3667 700 3730 in
722 3665 925 3733 HRZVU
950 3691 1042 3752 erpo
1066 3681 1107 3733 ut
1131 3671 1253 3749 dicere3
1278 3671 1341 3736 hoo

212 3763 407 3831 Sirmondus
430 3767 634 3852 Baretusque
658 3768 787 3850 habent,
811 3771 910 3834 ceteri
933 3771 1077 3836 editores
1101 3776 1210 3858 ipitur
1232 3786 1268 3837 ut
1291 3776 1340 3838 di·

212 3891 291 3934 cere.
324 3869 411 3933 Mihi
436 3871 644 3936 scribendum
666 3871 795 3936 videtur
818 3895 975 3959 erpone,
998 3887 1037 3940 ut
1062 3876 1168 3940 dicere
1191 3880 1342 3942 institue-

212 3996 331 4037 ramus.
377 3965 439 4037 Ofr
461 3973 494 4040 V
518 3974 537 4036 3
560 3976 652 4061 (322)
683 3997 840 4061 erpone,
870 3978 947 4062 qnid
976 3989 1115 4064 tempore
1145 3980 1341 4045 hostilitatis

212 4080 364 4161 aperetis,
387 4078 514 4162 frater,
548 4097 637 4140 nosse
671 4101 736 4141 non
763 4085 877 4160 merui,
906 4080 960 4145 ubi
988 4082 1021 4144 in
1045 4082 1078 4147 V
1102 4083 1262 4169 scriptum
1291 4092 1342 4148 est

211 4184 289 4262 erpo'
315 4179 442 4264 nequid.
492 4180 530 4244 In
560 4203 610 4265 ep.
635 4181 687 4246 VI
715 4187 730 4249 1
757 4183 1046 4269 (342)p0stqua1n
1079 4185 1174 4248 initio
1209 4195 1341 4250 senten-

212 4283 276 4345 tiae
310 4304 453 4369 erpone
482 4284 529 4366 (V
559 4286 651 4370 arpo)
681 4307 750 4348 oum
778 4290 822 4348 sis
847 4290 962 4371 procul
990 4288 1085 4352 dsrbio
1110 4289 1254 4374 positum
1281 4299 1341 4366 est,
