3172 4908
1229 307 1269 370 19

185 522 255 562 sum
276 503 327 562 mi
335 499 375 560 nt
397 519 518 581 isuper
540 498 669 561 inuidia
693 497 840 582 conflata,
859 499 947 560 cuius
970 518 1017 560 me
1037 499 1156 580 paulo
1180 499 1312 560 incau-

186 604 326 664 tiorem
341 603 476 686 flamma
498 602 671 666 detorruit.

231 773 234 779 ,
287 706 332 770 49.
375 702 497 766 Amori
529 725 602 767 curn
629 703 787 788 probetur
814 703 1031 767 consentienti
1056 701 1206 767 codicum
1228 702 1308 766 ΑΗ

183 806 332 871 RbVF
365 806 516 888 lectione,
549 827 615 870 non
648 804 837 890 mutandum
870 814 921 869 est
948 805 982 868 in
1005 827 1128 886 amare,
1164 804 1252 887 quod
1277 805 1311 867 in

183 908 334 973 omnibus
357 908 425 972 vidi
453 908 662 973 editionibus.
707 907 829 972 Facere
852 931 892 973 ex
919 905 995 973 MS.
1019 910 1038 971 2
1061 908 1151 973 Viat.
1175 907 1311 971 adnota-

183 1012 232 1074 vit
254 1009 478 1076 Wouwerius.

286 1115 331 1179 tu.
375 1112 538 1178 Facilitas
567 1137 638 1177 curn
662 1114 725 1178 hoc
748 1113 845 1178 ruodo
869 1114 1013 1199 positum
1036 1137 1074 1178 ex
1098 1137 1162 1177 uno
1186 1121 1310 1177 tanturn

185 1211 337 1280 Suetonii
370 1216 444 1280 loco
468 1209 603 1301 (Claud.
631 1219 685 1301 29)
713 1218 748 1279 in
774 1217 890 1281 lexicis
915 1215 1090 1298 adferatur,
1114 1239 1153 1280 ne
1183 1217 1235 1281 cui
1260 1238 1313 1280 su-

185 1326 333 1402 spectum
356 1319 409 1400 sit,
432 1318 531 1383 alium
560 1319 731 1384 subscribo
760 1319 869 1383 locum
896 1319 1002 1404 ipsius
1027 1315 1158 1383 Sidonii
1182 1342 1233 1405 ep.
1257 1318 1313 1384 IX

186 1423 225 1483 12
248 1424 340 1506 (471)
371 1425 515 1506 primum
549 1423 588 1486 ab
624 1424 758 1487 suardio
793 1424 968 1507 relipiosae
999 1425 1215 1508 professionis
1239 1423 1314 1487 liuic

181 1527 419 1610 principaliter
442 1529 595 1590 exercitio
619 1528 907 1610 renuntiaui‚quia
925 1529 1081 1590 nimirum
1096 1526 1315 1613 facilitati

181 1640 290 1713 posset
313 1630 559 1710 accommodari,
584 1632 613 1692 si
634 1651 682 1692 me
706 1640 887 1712 occupasset
911 1631 1025 1692 leuitas
1047 1651 1206 1710 uersuum,
1224 1651 1314 1715 quern

183 1733 346 1816 respicere
371 1743 520 1817 coeperat
542 1734 692 1817 prauitas
716 1735 889 1795 actionum.
918 1730 973 1794 Ad
995 1753 1089 1815 quem
1105 1731 1214 1796 locum
1231 1753 1313 1815 quse

185 1833 292 1896 adfert
330 1830 456 1898 Severo
491 1834 532 1898 ad
566 1857 634 1899 rom
667 1858 733 1900 non
760 1836 934 1920 pertinent.
978 1834 1078 1899 Addo
1109 1834 1313 1899 credulitatis

185 1935 253 1999 virn
276 1935 353 2000 huic
375 1936 476 2000 uerbo
500 1937 680 2002 subiectam
703 1959 776 2002 esse
799 1961 850 2023 ep.
875 1938 893 2001 I
919 1941 953 2000 ll
981 1947 1014 2002 et
1035 1937 1105 2003 VII
1129 1941 1158 2001 2.

287 2039 332 2104 51.
377 2039 574 2104 Patiebatur
597 2048 712 2104 contre
735 2039 884 2104 oodiourn
906 2041 938 2103 A
949 2039 984 2104 H
995 2039 1026 2104 R
1039 2040 1064 2103 Z
1078 2041 1098 2105 b
1110 2040 1144 2105 V
1156 2041 1185 2105 F
1203 2049 1314 2104 aucto-

185 2142 314 2204 ritatem
337 2141 485 2206 scribunt
506 2141 770 2207 Elmenhorstius
794 2152 827 2207 et
848 2142 999 2206 Baretus.

287 2245 332 2309 52.
379 2245 465 2308 Milti
497 2267 600 2330 reaper
633 2246 764 2310 inverso
799 2244 914 2308 ordine
948 2254 1075 2330 ponunt
1102 2243 1312 2310 Wouwerius

186 2342 312 2410 Savuro
335 2346 611 2411 Elrnenhorstius.

286 2450 332 2514 ts.
376 2439 597 2514 incautiorem
624 2454 725 2537 paulo
760 2450 900 2514 fortasse
924 2451 1131 2516 scribendum
1165 2459 1226 2532 est,
1260 2449 1313 2515 hic
1370 2491 1372 2496 ·

183 2552 270 2617 enirn
292 2553 327 2615 in
349 2553 382 2616 A
405 2553 520 2617 codice
543 2554 623 2616 ordo
648 2562 698 2644 est
719 2553 867 2638 idemque
892 2575 943 2638 ep.
959 2553 1028 2618 Ill
1044 2554 1139 2640 (200)
1154 2556 1313 2638 lonpius

180 2659 311 2743 paula,
335 2658 389 2721 sed
412 2657 451 2721 ab
476 2660 604 2744 oripine
627 2678 794 2742 erponem.

287 2964 350 3049 Ep.
375 2963 551 3049 I(169)7.
585 2960 650 3026 Sed
672 2962 983 3048 pubernationis
1007 2984 1080 3026 suae
1099 2963 1245 3026 ordinem
1263 2985 1315 3028 ea·

179 3071 298 3152 poscis.
323 3065 424 3131 Saloe
438 3067 522 3150 fidei
544 3069 737 3146 reuerentia,
761 3087 839 3152 quae
864 3068 965 3130 amieo
986 3065 1118 3130 elabetur
1141 3069 1240 3131 eliam
1258 3069 1314 3132 acl-

177 3173 281 3256 jlicto,
295 3191 362 3234 rem
380 3171 522 3233 breuiter
540 3191 705 3253 reponam.
730 3167 980 3256 Praefecturam
991 3171 1138 3255 primam
1154 3169 1315 3254 puluerea-

185 3277 234 3336 cit
252 3295 321 3336 cum
335 3295 454 3358 mapna
462 3274 687 3356 popularitate
706 3283 1073 3357 consequentemque
1092 3295 1161 3336 cum
1172 3259 1314 3338 maaima

182 3377 404 3460 populatione.
441 3373 581 3437 Pariter
604 3396 698 3436 onere
721 3375 888 3460 depressus
912 3377 999 3437 aeris
1022 3377 1231 3454 alieni,metu
1249 3398 1315 3441 cre·

185 3478 330 3542 diturum
363 3497 561 3542 successuros
595 3477 660 3540 sibi
687 3480 858 3563 optimates
882 3477 1117 3542 aemulabatur.
1164 3474 1338 3543 Omnium

186 3582 346 3668 colloquia
369 3579 488 3659 ridere,
518 3581 654 3644 consilia
687 3583 845 3661 rimari,
869 3580 977 3666 officia
1012 3593 1220 3662 contemnere,
1238 3585 1316 3667 pati

186 3687 224 3749 de
248 3695 522 3748 occurrentum
545 3685 688 3746 raritate
712 3687 935 3768 suspicionem,
948 3686 986 3749 de
1004 3685 1197 3750 assiduitate
1213 3686 1313 3770 fasti·

185 3788 286 3867 dium,
308 3789 407 3851 donec
431 3787 501 3850 odii
522 3786 652 3870 publici
677 3786 758 3849 mole
781 3789 924 3852 uallatus
947 3800 977 3852 et
998 3791 1092 3873 prius
1116 3792 1238 3852 cinctus
1262 3811 1313 3853 au·

186 3891 296 3954 stadia
318 3911 413 3977 quam
430 3900 591 3973 potestate
621 3890 796 3954 discinctus
831 3902 941 3977 captas
975 3892 1214 3977 destinatusque
1239 3913 1314 3978 per-

186 3997 275 4058 uenit
297 3992 443 4056 Romam.

289 4097 336 4161 54.
386 4093 539 4159 Mohrius
575 4093 664 4181 (Act.
700 4089 777 4158 Soc.
812 4094 892 4179 phil.
926 4095 1020 4181 Lips.
1054 4095 1088 4160 V
1121 4119 1196 4183 pag.
1232 4098 1312 4184 337)

188 4200 461 4264 damnationis
500 4218 574 4290 suae
607 4199 776 4279 ordinem,
815 4197 903 4281 quod
936 4197 969 4261 in
1004 4198 1169 4284 plerisque
1202 4222 1312 4263 munu-

188 4302 321 4388 scriptis
367 4320 439 4364 esse
477 4297 688 4364 Wouwerius
732 4299 829 4383 dicit,
875 4322 948 4365 cum
992 4301 1026 4365 in
1069 4299 1314 4368 Wolfenbutte-
