3172 4908
345 274 385 336 44

300 461 479 543 (sacrarum
503 459 679 546 virginum)
703 460 740 523 de
764 464 850 524 sanis
872 462 1059 544 inpartibus
1081 469 1114 526 et
1135 485 1173 526 ex
1200 471 1306 526 vetere
1334 463 1428 526 itine-

299 561 385 626 rario
408 561 576 626 Hierosol.
599 561 649 626 ed.
667 560 811 626 Wessel.
829 587 903 649 pag.
921 566 983 628 595
1007 579 1209 630 rnonumentc
1232 567 1294 630 dno
1318 588 1427 628 monu-

299 666 379 730 biles
402 669 504 728 mirae
523 665 794 751 pulchritudinis,
818 689 857 729 ea
879 666 953 730 ideo
981 689 1046 731 nou
1070 675 1146 732 sunt
1175 675 1261 753 apta,
1283 667 1371 750 quod
1393 667 1426 731 in

299 769 339 833 iis
368 769 567 834 monumenti
596 769 794 855 significatio
828 770 923 851 inest,
946 793 1028 854 quae
1062 771 1191 855 quidem
1223 771 1299 834 huic
1328 769 1426 834 verbo

299 872 464 936 convenit.
488 872 527 937 In
544 872 575 936 L
592 872 706 937 codiee
723 871 911 936 coniectura
927 893 992 938 non
1009 873 1097 938 felici
1118 873 1298 959 repositum
1317 871 1426 936 inveni

298 975 502 1040 volubilibus.
521 1014 560 1023 —
584 975 660 1040 Hoc
676 974 831 1040 librarius
854 975 998 1040 tortasse
1021 965 1176 1041 tortuosis
1199 976 1347 1062 intellegi
1371 999 1428 1038 vo-

296 1081 368 1160 luit,
391 1079 503 1164 quales
527 1078 584 1142 illa
610 1086 715 1143 aetate
743 1078 912 1144 columnas
934 1080 1006 1144 fieri
1032 1079 1427 1166 solereconstat310nge

298 1184 393 1248 aliter
417 1183 578 1269 Apuleius
600 1183 771 1248 volubilem
795 1185 900 1266 pilum
923 1184 1006 1249 dixit
1027 1185 1109 1249 Met.
1128 1184 1164 1250 ΙΙ
1182 1185 1202 1246 4
1219 1186 1311 1269 (116)
1336 1187 1426 1247 atrio

298 1291 397 1375 lorsqu
415 1288 641 1373 pnloborrinsa
664 1290 819 1351 columnis
850 1289 1093 1373 quadrifariam
1116 1309 1179 1373 per
1203 1290 1348 1370 sinqutos
1371 1310 1427 1350 an·

296 1394 389 1477 pulos
412 1390 573 1456 stantibus
597 1391 818 1454 attolerabant
846 1401 970 1456 statuas
995 1394 1158 1476 palmaris
1181 1394 1267 1455 dous.
1312 1391 1427 1454 Facies

298 1516 435 1582 quaeque
459 1497 613 1582 (quaeque
636 1517 697 1581 ego
721 1493 927 1559 scribendum
951 1502 1042 1579 puto,
1060 1493 1427 1580 n011onaqoe·abHil-

297 1598 476 1664 debrandio
508 1599 711 1682 coniectum)
737 1601 853 1683 pinnis
887 1599 1064 1682 oaplioitim
1098 1620 1307 1682 superpressu
1335 1601 1426 1682 pilae

297 1703 448 1768 volubilis
470 1702 622 1766 instabile
645 1704 817 1786 oestipinm
844 1705 971 1788 plantis
999 1687 1139 1765 roscidis
1167 1703 1343 1765 deoitantes
1371 1723 1427 1764 nee

296 1818 333 1870 ut
354 1819 506 1871 maneant
529 1804 700 1868 inhaerent
723 1817 752 1868 et
775 1810 842 1869 iam
864 1808 974 1869 coloro
998 1807 1183 1870 creduntur.
1208 1845 1248 1854 -
1276 1805 1327 1869 Ex
1352 1805 1426 1868 aliis

298 1911 392 1976 libris
415 1911 541 1975 calamo
561 1909 695 1995 scriptis
719 1901 870 1973 aColvio
895 1905 1131 1973 etWouwerio
1155 1908 1345 1972 adferuntur
1361 1931 1426 1971 mo-

298 2015 465 2094 nibitibns,
489 2013 670 2094 mobilibus,
693 2013 866 2092 nobilibus,
890 2012 953 2078 hoc
976 2013 1093 2077 scribit
1115 2011 1325 2077 Wcuwerius
1361 2035 1425 2076 non

298 2126 431 2203 recepta
454 2140 512 2182 sua
535 2117 641 2203 ipsius
665 2117 853 2181 coniectura
874 2116 1124 2181 manubialibus.
1170 2113 1237 2181 Sed
1254 2118 1288 2179 in
1305 2116 1339 2179 H
1353 2116 1384 2180 V
1398 2116 1426 2180 F·

298 2221 467 2287 codicibus
485 2220 616 2285 additur
638 2223 688 2284 ool
709 2240 830 2299 rnono,
852 2243 891 2284 ex
904 2243 968 2303 qua
982 2219 1134 2301 lectione,
1150 2219 1297 2303 quamvis
1315 2218 1425 2304 exigui

296 2327 449 2391 momenti
472 2347 545 2390 esse
568 2325 727 2404 videatur,
750 2323 836 2387 hand
859 2323 928 2388 scio
952 2348 993 2388 an
1015 2323 1220 2389 efficiendum
1238 2323 1282 2387 sit
1302 2343 1427 2386 mono-

298 2431 424 2495 litlsis.
471 2429 558 2494 Nam
593 2428 656 2493 hoo
689 2428 797 2515 ipsum
830 2437 1027 2513 magnopere
1055 2426 1258 2492 desideratur
1291 2449 1362 2508 nec,
1398 2429 1426 2492 si

296 2533 476 2597 litterarum
505 2533 622 2598 ductus
656 2530 825 2617 respiciam,
854 2552 989 2616 prorsus
1018 2555 1038 2594 a
1065 2530 1186 2594 tradita
1206 2530 1347 2594 lectione
1371 2530 1426 2594 ab·

297 2638 416 2701 horret.
450 2630 513 2701 Ofr
534 2635 652 2701 Labor.
676 2634 762 2698 mim.
786 2636 826 2698 39
850 2634 954 2718 (Non.
979 2634 1122 2717 544,32)
1147 2655 1215 2698 omn
1232 2636 1425 2719 prouincias

295 2743 497 2826 dispoliavit,
511 2742 673 2804 columnas
687 2740 902 2803 moralitas
920 2737 1048 2821 (Bamb.
1062 2737 1134 2802 cod.
1147 2740 1291 2819 molitas)
1303 2745 1336 2801 et
1346 2739 1425 2801 Arn-

295 2845 359 2931 pel.
383 2849 414 2924 8,
442 2845 478 2906 12
498 2855 606 2928 postes
629 2846 806 2906 marmorei
838 2842 1054 2905 monolitbi
1087 2849 1119 2904 et
1147 2864 1218 2905 eum
1242 2841 1349 2905 lucum
1373 2841 1423 2904 iti-

295 2972 398 3014 nerar.
444 2946 613 3012 Hierosol.
636 2969 730 3029 quem
753 2945 849 3008 modo
874 2945 968 3008 attuli
992 2967 1064 3008 oere
1088 2947 1272 3008 monolitns.

398 3053 461 3116 ¹51.
505 3051 557 3114 De
579 3051 775 3113 intrinsecus
798 3048 873 3112 vide
896 3071 977 3131 quae
999 3071 1074 3134 pag.
1099 3049 1138 3112 38
1162 3047 1313 3112 diximus

398 3156 460 3220 un
507 3153 581 3218 Non
604 3154 690 3216 nibil
712 3152 800 3235 quod
823 3158 874 3214 est
896 3174 960 3214 nun
985 3151 1091 3214 solum
1114 3151 1147 3214 in
1171 3152 1213 3232 A,
1244 3151 1421 3216 sedetiam

294 3260 334 3336 in
350 3258 384 3322 H
408 3257 456 3342 (in
479 3257 509 3322 il
531 3279 594 3318 non
617 3255 787 3333 omittitur,
799 3255 832 3317 in
849 3255 880 3318 L
891 3261 970 3339 post
994 3253 1137 3318 additum
1161 3256 1225 3340 est)
1246 3255 1323 3335 ZX,
1342 3255 1422 3318 scri-

292 3359 433 3425 bendum
457 3381 585 3423 censeo.
619 3359 707 3422 Nam
730 3358 762 3420 in
782 3358 1029 3444 cryptoporticu
1043 3357 1106 3421 hoe
1123 3357 1230 3442 ipsum
1248 3357 1333 3442 qnod
1346 3381 1422 3443 pro-

294 3470 423 3549 spectat
455 3461 616 3541 landatur,
649 3470 684 3523 ut
716 3459 802 3524 Ptin.
837 3484 888 3546 ep.
917 3460 949 3524 V
973 3464 1003 3540 6,
1026 3462 1081 3524 29:
1112 3485 1131 3524 o
1160 3463 1261 3525 latere
1296 3463 1421 3525 aestiuo

293 3569 551 3654 cryptoporticus
574 3567 610 3628 in
627 3565 714 3628 sclito
733 3567 857 3649 posita,
875 3587 953 3650 qnae
975 3586 1050 3626 non
1074 3567 1251 3650 aspicere
1276 3568 1419 3643 uineas,

292 3673 356 3736 sod
380 3684 543 3756 tenpore
566 3669 705 3733 uidetur.

395 3774 459 3839 153.
503 3771 731 3860 Hypodrornus
756 3771 886 3856 scripsi,
914 3771 947 3834 in
975 3772 1007 3836 A
1020 3771 1097 3836 HV
1127 3772 1336 3857 bipodromns
1359 3783 1419 3855 est,

292 3902 357 3942 uon
380 3879 620 3963 hippodromus.
667 3875 755 3939 Illud
778 3882 811 3939 et
832 3876 956 3960 reipsa
972 3874 1146 3959 requiritur
1161 3883 1193 3938 et
1208 3901 1227 3939 a
1243 3873 1418 3942 Sirmondc

291 3982 387 4046 doute
410 3988 444 4045 et
466 3981 642 4068 prudenter
656 3977 841 4043 defenditur
856 3977 1004 4062 idemque
1020 3977 1120 4041 Plinii
1137 3978 1307 4062 epistulae,
1323 4003 1418 4062 quam

291 4083 388 4150 modo
412 4083 714 4161 commemorabam,
729 4080 964 4145 restituendum
980 4081 1126 4144 docetur.
1160 4082 1211 4145 De
1228 4082 1316 4147 circo
1332 4083 1417 4147 enim

293 4184 488 4251 Sirmondus
522 4193 619 4265 recte,
637 4171 802 4268 quorsum,
825 4184 940 4268 inquit,
963 4183 996 4246 in
1027 4183 1152 4247 aedium
1175 4185 1337 4249 vestibulo
1362 4193 1418 4248 aut

289 4287 366 4378 quid
391 4287 490 4352 habet
511 4308 583 4352 cum
607 4286 855 4373 cryptoporticu
878 4285 1067 4352 commune?
1089 4286 1239 4374 Mignius
1261 4295 1295 4352 et
1316 4287 1417 4354 Bare-
