3172 4908
1268 283 1285 346 7

201 463 381 556 archetypo
405 491 471 532 non
505 469 607 534 fuisse
632 507 673 518 -—
695 488 798 552 neque
832 465 970 556 apparet
1003 490 1060 532 cur
1093 469 1128 534 in
1156 471 1329 534 venatione

200 573 312 658 potius
335 594 431 656 quam
453 572 488 636 in
510 571 565 636 vie
586 593 643 636 rex
670 571 883 636 monstrantis
918 579 997 635 nutu
1026 570 1212 636 admonitus
1241 569 1330 637 dice-

200 683 253 739 tur
286 710 338 755 -,
371 682 490 762 postea
523 673 562 740 ab
599 674 672 739 eliis
712 674 857 739 librariis
899 673 963 738 eliu
1000 695 1074 738 esse
1100 672 1221 756 addita,
1256 696 1330 740 oum

201 778 338 842 alterum
372 777 548 842 membrum
583 777 650 842 bis:
692 791 749 844 ant
782 780 916 842 venanti
948 790 1106 843 monstres
1140 779 1330 864 oppositum

199 871 349 945 murreum
382 879 523 965 quodam
557 879 654 944 modo
688 875 785 966 atque
819 880 1008 946 incohatum
1040 880 1216 945 videretur.
1261 881 1329 946 Ita-

199 1006 261 1068 que
295 984 328 1046 in
363 983 393 1048 R
427 991 477 1046 est
512 981 776 1064 additamentum,
805 983 839 1046 in
868 982 902 1047 Η
931 992 963 1048 et
997 983 1023 1046 Z
1052 981 1223 1048 codicibus
1251 981 1329 1047 huic

200 1085 374 1150 simillimis
409 1085 513 1150 deest.
558 1085 674 1170 Neque
708 1085 891 1173 negandum
919 1084 1175 1150 est‘redundero
1198 1083 1328 1151 Sidonii

200 1188 325 1274 scripte
357 1188 467 1253 verbis
491 1187 705 1272 aequabiliter
728 1188 911 1253 collocatis.
962 1188 1041 1253 Non
1074 1187 1192 1254 desunt
1220 1199 1328 1254 tamen

199 1291 276 1372 loci,
310 1290 365 1356 ubi
389 1313 429 1354 ex
452 1291 619 1355 contraria
640 1289 767 1355 ratione
794 1291 891 1355 etiarn
913 1292 1070 1357 maiorem
1092 1293 1158 1357 vim
1181 1292 1330 1378 acquirat

199 1395 317 1474 oratio,
352 1401 389 1456 ut
422 1393 520 1478 paulo
555 1401 631 1458 ante
653 1393 810 1458 vidimus:
835 1407 891 1460 ant
923 1395 1083 1460 thesauris
1116 1395 1328 1482 inspiciendis

186 1509 376 1562 eocatnrns
410 1509 466 1561 anst
501 1496 679 1576 stabulis,
707 1505 740 1560 et
761 1497 861 1584 poulo
884 1497 1047 1585 posthoc
1069 1505 1134 1562 est:
1158 1511 1214 1564 aut
1237 1501 1329 1564 nulla

194 1611 384 1663 narrantur·
418 1611 485 1663 aut
525 1602 631 1662 seria
665 1606 697 1663 et
730 1603 945 1665 toreumatum
977 1604 1328 1688 peripetasmatumque

199 1705 293 1768 modo
318 1702 523 1790 corscdyliata
545 1703 721 1788 profectas·
750 1705 891 1790 supellec
918 1705 1026 1769 modo
1050 1704 1219 1792 byssina.
1265 1698 1330 1770 Ofr

198 1829 249 1890 ep.
274 1806 291 1870 Ι
316 1807 336 1868 4
366 1807 459 1890 (189)
487 1805 545 1868 ult.
568 1805 657 1870 verb.
692 1807 785 1870 modo
813 1828 862 1870 me
897 1807 1078 1873 actionibus
1111 1809 1207 1874 iustis
1241 1807 1328 1874 Deus

194 1910 342 1974 adnuens
376 1919 406 1972 et
442 1911 603 1994 sospitem·
622 1920 769 1993 praestet
798 1921 832 1974 et
865 1909 1052 1992 reducem,
1087 1911 1125 1974 ΙΙ
1162 1913 1197 1976 ll
1233 1913 1327 1998 (2⁶26)

199 2033 256 2074 nec
290 2014 384 2097 calpa
417 2031 475 2075 nos
509 2010 621 2075 debeat
654 2033 783 2075 manere
810 2033 877 2076 nco
906 2016 1030 2094 censio,
1065 2011 1137 2078 VII
1167 2015 1205 2078 15
1236 2013 1326 2100 (357)

140 2139 144 2145 ·
192 2127 235 2178 at
257 2125 314 2178 ont
336 2116 482 2178 vicissim
510 2115 652 2178 redeatis
686 2127 753 2178 ant
786 2118 927 2196 serias,
961 2117 995 2179 in
1028 2115 1142 2202 primis
1170 2137 1251 2181 vero
1275 2117 1328 2182 VI

201 2219 337 2302 5(346)
373 2218 463 2281 eseias
493 2219 640 2281 clientem
664 2238 842 2305 puerosque
872 2220 1052 2284 commendo
1073 2221 1240 2307 profectos
1274 2241 1328 2286 seu

192 2325 234 2384 in
251 2324 392 2405 patroni
414 2321 635 2384 necessitatem
662 2343 725 2386 seo
747 2324 789 2384 in
812 2321 978 2400 domeni,-
1012 2322 1154 2388 labonem
1175 2325 1329 2410 penepri·

198 2435 333 2487 nontam
367 2422 429 2508 (ita
463 2422 621 2507 scriptum
656 2431 707 2487 est
738 2423 773 2487 in
806 2423 901 2505 ΑΗ,
934 2447 1000 2489 non
1027 2426 1328 2516 pereprinantinm)

193 2550 261 2614 qna
292 2529 430 2612 potestis
464 2545 522 2610 ope
558 2525 759 2590 humanitate
788 2529 1016 2592 intercessione
1052 2531 1221 2606 tutamini3
1254 2551 1329 2594 nam

199 2627 359 2692 hocloco
387 2627 541 2693 librarius
570 2628 602 2692 in
626 2628 659 2692 V
683 2628 796 2694 codice
826 2629 1066 2695 conscribendo
1096 2653 1168 2696 cum
1196 2654 1255 2696 suo
1279 2655 1330 2696 ar-

198 2731 297 2796 bitrio
320 2729 421 2794 verbo
449 2729 490 2793 ed
514 2751 664 2794 numeros
693 2730 829 2818 alligata
852 2731 916 2798 hoe
939 2733 1036 2798 modo
1055 2734 1328 2820 interpunxisset:

199 2856 252 2899 sen
275 2838 310 2898 in
334 2835 460 2898 domini
483 2831 643 2911 talionem3
663 2837 943 2921 pereminantum,
968 2835 1001 2901 id
1029 2837 1162 2902 verbum
1184 2862 1250 2905 non
1273 2837 1329 2904 ab·

199 2937 331 3001 solvens
362 2959 404 3000 an
433 2936 468 2999 in
491 2955 525 2998 os
548 2943 673 3000 mritato
694 2940 889 3024 perepcinos
912 2937 1029 3004 effecit.
1070 2936 1145 3022 Quo
1168 2941 1243 3006 loco
1268 2939 1328 3006 Sa-

198 3063 278 3103 voro
302 3048 335 3104 et
357 3036 569 3103 Wouwerius
602 3038 703 3104 verbe
733 3036 863 3105 Sidonii
886 3063 1042 3128 perversa
1064 3043 1327 3130 interpunctione

193 3143 374 3208 obscurata
397 3163 462 3226 quo
485 3140 582 3205 modo
607 3139 772 3208 ediderint
795 3165 1048 3209 commemorare
1069 3144 1182 3232 pudet.

303 3244 348 3309 lt.
384 3241 456 3307 lam
469 3250 554 3306 'ante
579 3255 700 3310 tensam
712 3243 852 3310 Baretus
876 3246 1002 3342 incuria¹
1019 3247 1147 3312 videtur
1165 3251 1326 3316 omisisse.

300 3553 364 3638 Ep.
388 3553 407 3617 Ι
430 3553 449 3616 2
473 3555 575 3637 (177).
624 3553 699 3618 Cibi
721 3566 802 3630 ante,
826 3577 890 3618 non
907 3559 1021 3640 pretio
1041 3555 1179 3642 placent,
1193 3559 1332 3645 fercula·

192 3660 316 3735 nitore,
339 3675 403 3718 non
423 3655 606 3742 pondere.

301 3759 346 3822 ll.
394 3757 542 3824 Pondere
578 3757 612 3820 in
645 3757 680 3821 H
710 3759 968 3847 superscriptum
995 3770 1045 3826 est
1067 3763 1170 3848 priori
1192 3760 1327 3830 lectioni

191 3861 425 3947 splendorem
448 3861 532 3926 hanc
556 3861 681 3947 recepit
702 3859 924 3926 Wouwerirm.
967 3863 1116 3929 Eandem
1137 3865 1171 3930 in
1194 3859 1326 3934 Pithoei

198 3962 313 4028 codice
348 3972 510 4050 repertam
538 3985 604 4028 non
632 3963 739 4028 minus
773 3965 836 4030 sibi
859 3965 1003 4031 arridere
1026 3966 1109 4032 dicit
1131 3963 1325 4036 Sirmondue

196 4065 299 4130 Plinii
311 4067 421 4132 locum
433 4065 584 4132 adferens
597 4065 690 4152 (hist.
703 4076 769 4131 net.
777 4067 958 4133 XXXVII
971 4069 1101 4154 nesi)
1116 4073 1268 4158 splendor·
1280 4089 1326 4140 est

192 4171 228 4233 is
257 4173 325 4233 sine
348 4168 475 4234 viribus
498 4175 686 4257 nitorque
708 4171 818 4235 cerins
842 4194 937 4260 quam
965 4173 1161 4259 splendor.
1211 4176 1325 4242 Minus

192 4280 273 4357 epte
292 4268 429 4354 Severo,
452 4281 488 4336 ut
509 4275 616 4337 nitore
641 4272 792 4359 explicet,
811 4284 979 4361 comparat
1000 4275 1082 4341 Isid.
1106 4277 1189 4366 orig.
1213 4279 1283 4346 XX
1306 4286 1326 4349 4
