3186 4900
1210 287 1251 352 93

267 483 330 570 Ep.
353 481 407 547 VI
428 485 449 546 4
472 482 575 567 (346).
621 478 686 545 Sed
721 483 796 565 qaia
830 481 951 544 indic-ii
978 482 1080 542 vestri
1101 479 1296 542 medicinam

165 599 316 672 oppetant
350 589 601 672 civilitatemque
630 588 686 669 qai
712 588 876 670 nepotiam
901 584 1070 646 criminale
1090 587 1296 666 parturiant,

163 705 357 771 vestrorvm,
380 695 410 754 si
442 691 518 754 beno
550 690 680 768 metior,
704 689 856 773 partiam
883 689 1017 773 pariter·
1046 697 1076 750 et
1102 707 1228 750 moram
1251 697 1296 747 est

165 798 275 883 aliquo
297 795 445 858 indemni
467 797 693 880 compositione
710 793 849 856 istorum
867 791 986 870 dolori,
1002 791 1136 854 illoram
1148 792 1295 873 pericalo

165 900 331 963 subvenire
355 909 385 960 et
407 898 544 984 qaedam
567 896 709 962 saliebvis
737 897 913 959 constantiae
942 905 1190 978 temperamento
1215 893 1296 956 lanc

159 1015 291 1088 partem
313 1006 419 1066 minas
443 1001 610 1084 afflictam,
634 1002 726 1065 illam
748 1003 854 1064 minvs
877 1020 967 1063 ream
990 1008 1020 1061 et
1035 1008 1206 1082 utramque
1221 999 1296 1082 plns

156 1106 270 1191 facere
293 1125 447 1186 sionnam,
470 1126 509 1167 nc
532 1105 640 1190 tao-pt
662 1113 776 1184 statas,
798 1115 834 1166 vt
863 1123 926 1166 sese
941 1103 1016 1188 fert
1039 1103 1195 1186 temporis
1219 1103 1296 1164 loci-

164 1230 222 1295 qae
257 1210 452 1290 civilitas,
476 1209 572 1273 talem
605 1207 749 1271 discedat
784 1207 826 1270 ad
861 1207 1045 1283 terminum,
1069 1206 1162 1288 quale
1192 1207 1296 1289 coepit

164 1314 282 1378 babere
299 1313 514 1398 principiam.

266 1416 331 1481 324.
373 1414 469 1480 Nihil
492 1414 555 1478 hoc
578 1413 652 1477 loco
677 1435 715 1476 cx
740 1410 910 1476 codicibus
940 1409 1096 1491 adferam,
1121 1431 1224 1495 neque
1246 1417 1296 1474 ta-

163 1543 237 1585 men
259 1519 353 1605 potui
387 1519 465 1604 quin
492 1517 642 1604 pluribus
665 1515 774 1580 verbis
798 1514 975 1600 exscriptis
998 1513 1149 1578 mendum
1173 1521 1295 1578 certum

165 1629 254 1688 certa
277 1622 502 1687 emendatione
525 1619 705 1685 tollendum
729 1619 921 1705 significem.
950 1617 1017 1681 Pro
1037 1620 1191 1700 civilitas,
1208 1616 1295 1702 quod
1362 1661 1364 1664 .

164 1727 198 1790 in
221 1726 372 1791 omnibus
396 1725 566 1791 codicibus
598 1716 864 1808 editionibusque
895 1722 1055 1807 scriptum
1078 1722 1159 1786 ferri
1174 1722 1296 1806 nequit,

163 1829 385 1916 reponendum
409 1837 460 1893 est
482 1831 670 1915 qeealitas,
693 1850 757 1912 quo
781 1826 882 1891 verbo
907 1821 1081 1889 Sidonium
1098 1825 1146 1889 uti
1167 1825 1218 1889 vel
1230 1848 1295 1889 uno
1382 1881 1386 1892 .

165 1933 289 2014 sufficit
311 1932 459 2018 exemplo
483 1932 707 1997 demonstrare
730 1953 782 2016 ep.
805 1929 897 1994 VIII
924 1933 957 1995 11
986 1929 1080 2016 (432)
1100 1951 1162 2014 pro
1181 1951 1296 2015 perso·

163 2058 223 2100 noc
259 2037 448 2121 temporis
482 2047 517 2098 et
552 2037 632 2100 loci
664 2036 832 2120 qualitate.
877 2031 1005 2096 Vitium
1028 2053 1066 2095 ex
1091 2030 1295 2096 antecedenti

165 2141 416 2224 civilitatemque
440 2146 547 2201 ortum
570 2137 710 2203 videtur.

268 2449 331 2534 Ep.
354 2447 448 2512 V18
474 2449 575 2534 (351).
622 2445 723 2528 Quem
750 2447 944 2532 propediem
977 2468 1042 2510 non
1069 2448 1197 2510 iniuria
1219 2468 1296 2509 reor

165 2565 377 2617 mercatorem
400 2551 602 2637 splendidam
622 2551 706 2630 fove,
726 2553 759 2613 'si
781 2551 856 2614 binc
880 2550 922 2612 od
944 2561 1054 2613 oestro
1078 2549 1229 2634 obsequia
1243 2549 1296 2637 fe-

166 2660 302 2734 stimans,
316 2654 508 2744 friporibas
522 2653 671 2740 fantiam
700 2657 876 2719 civicorum
910 2675 1001 2738 saepe
1027 2654 1180 2739 sontem
1201 2675 1295 2716 mei·-

167 2761 320 2825 cotovis
343 2758 514 2844 anteferat.

267 2863 332 2928 325.
360 2861 569 2926 Probabilern
593 2860 688 2924 huius
711 2860 776 2924 loci
799 2860 1052 2947 explicationem
1069 2857 1194 2926 Sauara
1211 2863 1295 2927 hanc

166 2966 319 3053 protulit:
347 2965 432 3029 ”cito
461 2963 608 3050 locuples
631 2973 792 3029 mercator
815 2964 942 3046 evadet,
966 2964 993 3028 si
1016 2965 1132 3050 frigori
1156 2965 1294 3032 fontium

166 3069 311 3153 civitatis
334 3069 513 3149 Arvernae,
535 3069 589 3151 qui
613 3076 689 3131 sunt
712 3068 906 3134 conclamati
930 3069 1065 3155 frigoris
1089 3079 1122 3134 et
1142 3070 1243 3156 gelidi
1263 3080 1296 3135 et

165 3172 290 3237 idcirco
312 3171 411 3257 vulgo
435 3179 594 3236 vocantur
615 3171 794 3258 Fongieve,
816 3171 941 3236 iontem
963 3173 1165 3256 mercatoris,
1188 3173 1221 3238 id
1244 3182 1296 3238 est

165 3275 351 3340 Massiliam
376 3273 563 3339 anteferat.”
607 3273 694 3350 Fons
719 3275 850 3338 verbum
873 3275 1022 3360 quamvis
1046 3277 1154 3362 aptius
1178 3277 1293 3342 adres

165 3402 262 3463 quam
285 3378 325 3442 ad
348 3378 495 3441 homines
519 3377 687 3458 referatur,
711 3378 773 3443 hoc
796 3377 870 3442 loco
887 3379 1032 3465 positum
1056 3379 1294 3445 defendendum

165 3482 294 3547 videtur
317 3481 390 3544 loco
416 3477 612 3561 Quintiliani
648 3481 665 3544 I
692 3483 804 3562 10,13
839 3483 918 3567 quid
946 3484 983 3547 de
1006 3485 1215 3571 pbilosophis
1250 3490 1325 3550 lo-·

166 3609 257 3673 quor,
282 3607 441 3672 quoram
464 3585 560 3671 fons
594 3589 662 3669 ipsc
686 3583 838 3650 Socrates
860 3590 928 3650 iam
951 3609 1045 3651 tenca
1067 3591 1200 3652 institui
1222 3592 1295 3677 lyra

164 3713 229 3755 non
263 3688 476 3768 erubescebat,
510 3710 649 3773 quocum
677 3687 727 3752 cfr
754 3682 827 3754 Cic.
851 3688 891 3753 de
914 3701 995 3758 orat.
1020 3691 1038 3754 Ι
1064 3695 1113 3774 10,
1136 3694 1176 3755 42
1199 3716 1294 3780 arpe-

165 3805 238 3858 ront
256 3805 429 3880 praetereo
447 3793 780 3878 pbilosophorum
801 3813 940 3879 preces
962 3796 1030 3857 iam
1047 3795 1086 3858 ab
1102 3797 1161 3861 illo
1176 3796 1293 3882 fonte

166 3910 197 3963 et
230 3901 333 3983 capite
358 3897 493 3960 Socrate
524 3896 610 3960 nihil
644 3906 672 3958 te
706 3896 743 3959 de
778 3895 869 3960 boicis
893 3895 987 3960 rebvs
1009 3900 1045 3960 in
1067 3902 1136 3962 vita
1158 3905 1191 3962 et
1212 3922 1243 3983 q.
1267 3922 1292 3964 s.

168 3997 234 4066 Sed
248 4002 289 4063 ad
306 3998 547 4062 multitudinem
565 3997 681 4063 saltem
693 3997 840 4080 refertur,
853 3997 907 4063 hic
920 4020 997 4063 vero
1009 4023 1104 4085 quem
1115 4009 1293 4067 tractamus

165 4103 258 4168 locus
291 4110 429 4189 propter
463 4101 660 4186 singularem
693 4105 887 4166 mercatoris
915 4103 1006 4167 verbi
1041 4127 1216 4188 numerum,
1241 4106 1292 4170 cui

166 4207 350 4288 collectiva,
372 4213 409 4269 ut
435 4206 536 4288 aiunt,
560 4206 758 4291 significatio
783 4207 836 4270 vix
860 4206 994 4270 attribui
1018 4217 1137 4293 potest,
1154 4232 1219 4272 non
1242 4232 1293 4274 sa-

165 4311 208 4374 tis
232 4310 395 4375 dilucidus
419 4318 478 4373 est.
523 4310 573 4373 Ex
598 4309 767 4375 codicibus
791 4310 871 4375 hacc
895 4311 1050 4376 adnotata
1078 4312 1197 4377 habeo:
1231 4336 1291 4399 pro
