3186 4900
1220 262 1261 325 65

277 449 343 514 221.
392 448 553 532 lapicida
575 447 716 512 Baretus
740 446 831 511 solus
856 446 1008 533 scripsit3
1036 448 1136 512 ceteri
1160 448 1303 513 editores

178 559 210 616 et
232 551 354 618 AHV
379 553 562 636 lapidicida
585 551 715 616 habent.

276 655 342 720 222.
387 653 452 719 Seu
477 656 510 719 A
533 653 658 718 codicis
688 653 833 739 scriptor
859 653 942 717 mira
970 653 1142 740 diligentia
1165 679 1203 722 ex
1227 659 1302 734 sice,

176 757 263 840 quod
286 765 360 822 anta
383 766 454 822 erat
478 757 649 844 scriptum,
672 756 828 834 correxit3
847 751 1006 821 Sidonius
1024 779 1090 821 non
1109 757 1208 824 semel
1224 758 1303 823 haec

177 861 276 926 verba
298 862 414 925 variat.

277 965 341 1030 223.
390 965 497 1049 Μαρία
521 964 604 1028 mibi
626 964 657 1026 A
682 963 783 1045 solus,
806 963 896 1047 quod
919 964 1031 1044 sciam,
1054 963 1161 1027 habet.

276 1068 341 1132 221.
387 1067 539 1132 Ascribet
566 1059 608 1130 ari
632 1066 663 1128 A
687 1066 757 1153 (ubi
793 1074 899 1130 tamen
928 1065 1016 1129 aliud
1049 1089 1062 1128 s
1098 1067 1302 1151 superscrip-

175 1178 241 1233 tum
264 1173 328 1253 est)
352 1169 385 1233 H
399 1170 431 1234 V
454 1170 584 1255 scripsi,
608 1169 852 1233 coniunctivum
876 1169 1060 1256 praesentis
1083 1178 1211 1254 ponunt
1234 1165 1302 1233 Sir-

175 1272 312 1336 mondus
336 1272 485 1358 Mignius
508 1271 658 1335 Baretus.

276 1375 340 1438 225.
385 1373 426 1438 ld
450 1385 496 1438 est
518 1395 566 1436 me
590 1373 702 1438 nescio
727 1395 767 1437 an
791 1373 906 1438 melius
930 1374 1113 1450 omittatum
1143 1395 1245 1458 neque
1269 1374 1301 1438 in

175 1499 212 1540 co
237 1477 447 1540 consentiunt
470 1476 615 1558 codices,
637 1500 711 1540 nam
734 1477 766 1539 in
791 1476 822 1539 A
835 1476 869 1540 H
884 1477 910 1540 Z
923 1476 956 1540 V
967 1476 1003 1540 X
1015 1476 1046 1540 Y
1069 1480 1128 1541 uel
1151 1501 1199 1540 rue
1223 1478 1303 1542 scri-

175 1580 272 1658 bitur,
296 1580 329 1643 in
353 1579 383 1644 R
406 1581 446 1644 id
470 1593 526 1643 est
549 1601 597 1642 me
620 1578 768 1663 idemque
791 1579 823 1642 in
848 1579 881 1642 H
911 1579 1051 1642 additur.
1099 1575 1213 1642 Simile
1237 1582 1303 1644 fere

173 1683 332 1766 estquod
367 1683 465 1769 paulo
500 1691 577 1768 post
604 1684 637 1747 in
671 1682 824 1747 carminis
849 1705 942 1747 versu
968 1685 986 1746 2
1015 1682 1114 1747 verbo
1139 1683 1249 1746 dicavi
1271 1693 1304 1747 et

174 1786 206 1849 in
230 1787 265 1850 H
289 1795 321 1850 et
343 1787 376 1850 in
396 1787 426 1851 V
447 1787 705 1871 superscriptum
726 1786 852 1849 inveni:
877 1787 912 1849 id
937 1799 982 1850 est
1006 1808 1073 1870 syo
1098 1783 1301 1851 Sidonius.

172 1889 223 1952 lle
247 1888 390 1952 eiusdem
425 1889 555 1974 generis
585 1888 806 1952 additamento
831 1887 1048 1952 confidentius
1076 1897 1154 1973 post
1176 1888 1302 1971 loquar,

173 2014 245 2054 cum
270 1991 309 2054 de
333 2014 382 2077 ep.
408 1992 458 2056 IV
482 1995 517 2056 21
546 1996 654 2076 (unius
678 1995 762 2068 oris)
784 1991 905 2066 mentio
929 1991 992 2054 erit
1014 1992 1110 2055 facta.

275 2301 338 2385 Ep.
364 2300 421 2364 ΠΙ
447 2300 598 2385 13(·24s).
624 2297 689 2362 Sed
712 2299 806 2378 dicis,
825 2303 928 2362 animi
946 2300 1073 2385 probra
1090 2303 1181 2365 uultu
1204 2303 1301 2364 colo-

172 2417 248 2485 rat,
267 2417 297 2466 et
320 2405 513 2489 deprecatur
526 2404 667 2488 ineptias
679 2406 793 2465 rua-atis
807 2403 949 2487 qualitas
968 2409 1126 2489 corporis.
1156 2404 1299 2489 Eleyans

170 2510 324 2572 uidelicet
347 2507 437 2569 bomo
460 2515 728 2591 pervenustusque
753 2508 935 2589 cuiusque
959 2509 1002 2569 sit
1019 2507 1205 2590 spectabilis
1223 2531 1300 2592 per·

171 2635 251 2674 soua
279 2611 464 2674 visentibus.
511 2608 686 2672 Enimuero
711 2611 772 2672 illa
795 2608 966 2672 sordidior·
994 2622 1051 2672 est
1075 2622 1168 2695 atque
1192 2612 1299 2696 defor-

170 2720 257 2779 mior
282 2717 436 2779 cadavere
459 2715 579 2796 enyali,
602 2711 691 2797 quod·
705 2713 837 2796 facibus
861 2712 1000 2775 admotis
1024 2715 1299 2778 semicombustum

169 2840 302 2904 meaque
326 2819 447 2882 sidente
470 2829 558 2881 strue
582 2819 722 2878 torrium
744 2815 926 2878 devolutum
955 2817 1088 2880 reddere
1109 2839 1209 2903 pyrae
1232 2822 1299 2880 iam

161 2923 362 3010 fastidiosus
382 2923 606 3006 pollinctor:
628 2919 788 2981 ecborret.
833 2917 976 2982 Praetor·
1000 2920 1077 2983 baec
1100 2923 1223 2984 lumina
1246 2944 1298 3005 ye-

169 3030 218 3090 rit
240 3025 326 3088 idem
350 3026 466 3087 lumine
491 3025 648 3103 carentia,
671 3043 751 3107 quae
774 3019 909 3108 Styyiae
932 3026 998 3085 cicc
1019 3025 1150 3107 paludis
1167 3025 1299 3088 colcuut

170 3132 325 3194 lacrimas
344 3149 405 3212 per
429 3126 586 3190 tenebras.
633 3122 729 3190 Genu
751 3137 781 3189 et
799 3148 892 3190 aures
909 3130 1114 3190 immanitate
1132 3129 1298 3209 barrinas,

170 3255 308 3318 quarum
333 3230 481 3312 fistulam
509 3231 648 3310 biforem
674 3229 769 3314 pellis
791 3231 937 3293 ulcerosa
961 3232 1171 3296 circumuenit
1195 3237 1298 3296 saccis

169 3337 265 3400 nodis
297 3345 328 3397 et
363 3334 475 3416 tofosis
511 3334 641 3396 bumore
673 3337 819 3395 camuris
844 3353 906 3416 per·
929 3336 1112 3417 morcinum
1141 3355 1298 3399 curuum

164 3419 466 3525 protuberantibus.

272 3541 338 3607 222.
385 3541 529 3621 Colores,
557 3538 644 3622 quod
671 3560 782 3604 omnes
805 3559 887 3623 qnos
911 3539 1052 3624 cognovi
1076 3539 1217 3604 editores
1242 3540 1297 3605 ha-

170 3646 257 3726 bent,
281 3643 439 3729 scriptum
471 3650 523 3706 est
555 3641 589 3704 in
617 3639 879 3723 HRZUXY,
901 3641 1065 3706 decolorat
1099 3642 1133 3705 in
1162 3643 1205 3723 V,
1239 3643 1296 3707 sed

169 3750 207 3814 de
236 3747 407 3812 delendum
440 3767 514 3809 esse
547 3745 761 3830 significatur,
788 3745 920 3809 decorat
949 3745 983 3808 in
1009 3746 1057 3823 A;
1085 3742 1296 3810 Wouwerins

169 3852 252 3916 nihil
286 3849 431 3914 adnotat.
474 3848 591 3930 Lectio
613 3850 646 3912 A
673 3848 798 3913 codicis
832 3849 959 3914 videtur
981 3849 1185 3914 defendenda
1213 3872 1296 3931 esse,

169 3952 370 4041 comparatis
398 3952 591 4037 praesertim
624 3951 745 4016 talibus
780 3950 873 4032 locis,
895 3952 1002 4035 qualis
1025 3961 1076 4016 est
1099 3945 1172 4016 Cic.
1197 3952 1295 4018 Tusa.

169 4057 202 4123 V
225 4059 277 4138 41,
302 4056 362 4120 119
391 4076 551 4143 omneque,
579 4055 663 4142 quod
691 4053 856 4118 boeeestum
889 4077 946 4119 uos
979 4067 1008 4117 et
1037 4054 1197 4120 laudabile
1231 4078 1295 4120 esse

170 4161 319 4243 dicimus,
341 4160 377 4223 id
398 4161 455 4224 illi
482 4180 605 4223 cassum
633 4158 787 4245 quiddam
809 4168 838 4221 et
862 4160 961 4221 inani·
983 4161 1070 4222 uocis
1093 4181 1169 4223 sono
1193 4160 1296 4224 deco-

171 4277 301 4329 ratum
324 4283 388 4326 esso
412 4263 533 4326 dicuat.
580 4261 696 4344 Neque
719 4260 894 4325 simulandi
923 4261 1025 4342 notia,
1052 4284 1134 4345 quae
1156 4263 1190 4327 in
1213 4266 1296 4328 colo·

1175 4405 1193 4457 5
