3172 4908
1200 285 1241 348 29

259 474 324 559 Ep.
347 474 365 540 I
388 475 407 537 9
431 475 544 561 (197)..
571 471 692 538 Neuter
716 475 811 538 aditu
833 473 1021 558 difficili,
1045 484 1157 538 neuter
1180 495 1284 558 eump-

161 591 264 652 tuoeo‚·
300 579 353 642 sed
387 581 606 662 cinerumque
631 581 907 658 consuluisses,
927 578 1066 660 facilius
1096 577 1134 640 ab
1160 579 1283 641 Auieno

150 681 433 767 familiaritatem,
455 705 474 743 a
509 682 669 745 Basilio
705 680 888 762 beneficiam
918 680 1157 767 consequebare.
1203 677 1283 760 Qui-

159 785 212 848 bue
236 786 295 849 diu
325 787 486 872 utrimque
512 785 654 862 libratis,
678 785 712 847 iel
743 796 902 848 tractatus
929 796 1056 848 mutuus
1081 785 1283 869 temperavit,

157 899 190 951 ut
213 900 423 951 reseruata
445 890 584 951 senioris
609 890 833 951 consectaris
857 892 1095 966 reuerentia,
1109 888 1284 951 indomum

158 995 243 1054 auius
266 1014 322 1055 uec
345 994 444 1054 nimiu
477 1013 542 1055 nec
569 1013 648 1053 raro
678 992 925 1071 ventitabamus,
961 991 1142 1056 Basilianis
1172 992 1283 1075 potius

148 1095 452 1179 frequentatoribus
476 1097 727 1180 applicaremur.
757 1095 852 1159 Ilicet
875 1096 950 1159 dum
969 1117 1030 1180 per
1054 1096 1135 1158 bunc
1152 1097 1283 1181 amplis·

155 1202 270 1262 simum
303 1203 410 1261 uirum
444 1199 569 1282 aliquid
602 1200 639 1263 de
674 1199 846 1281 leqationie
871 1201 1038 1262 Arvernae
1070 1199 1283 1284 petitionibus

154 1302 366 1378 elaboramus,
390 1323 469 1364 eece
494 1301 658 1364 Kalendae
682 1291 1121 1388 Ianuariae,qnaeAuqueti
1144 1305 1282 1368 consulis

155 1429 228 1468 mon
242 1406 360 1491 futuri
383 1407 587 1490 repetendum
607 1407 707 1484 fustis
731 1407 992 1492 opperiebantur.

213 1541 214 1544 ¹
256 1509 302 1574 94.
349 1507 518 1594 Difficilis,
531 1507 619 1591 quod
642 1509 719 1572 inA
742 1517 775 1572 et
796 1508 826 1573 R
847 1517 898 1573 est
920 1517 953 1573 et
975 1509 1038 1572 fuit
1060 1510 1093 1572 iu
1115 1509 1160 1591 H,
1176 1532 1282 1573 emon-

154 1609 265 1675 dntum
288 1610 417 1675 videtur
440 1612 473 1675 in
496 1611 538 1693 V,
563 1612 616 1676 ubi
641 1613 773 1697 difficili
795 1613 954 1698 scriptum
977 1622 1037 1677 est.

256 1715 302 1780 95.
349 1714 566 1779 Consuluisces
600 1716 633 1778 iu
668 1715 817 1780 omnibus
852 1715 919 1780 fere
954 1715 1123 1780 codicibus
1152 1717 1280 1803 repperi

152 1817 487 1899 AHRZbVFY,
521 1819 585 1882 nisi
619 1818 706 1902 quod
740 1819 773 1881 in
807 1820 839 1881 A
862 1820 967 1904 prima
1000 1841 1095 1883 manu
1124 1819 1280 1904 scriptum

153 1929 203 1983 est
226 1923 442 2001 coreciluissee‚
465 1922 562 1986 etiam
597 1923 629 1984 iu
664 1921 808 1986 editione
837 1921 987 2007 principe
1021 1932 1073 1987 est
1106 1926 1281 1987 cousuluis-

153 2045 209 2086 see.
259 2020 418 2088 Coluiseee
446 2025 480 2087 iu
502 2024 532 2088 L
555 2032 588 2087 ct
609 2022 642 2088 U
666 2025 824 2110 scriptum
857 2025 1029 2110 probatum
1048 2031 1103 2089 'est
1123 2023 1281 2090 Wouwc-

152 2127 200 2189 rio
237 2122 415 2191 Sirmondo
438 2128 569 2214 Mignio
597 2128 730 2192 Buret0.
776 2127 862 2192 Mihi
892 2128 1031 2212 quidem,
1060 2137 1096 2192 ut
1118 2125 1278 2193 Suvaroui

151 2228 474 2314 Elmenhorstioque,
497 2230 579 2295 illud
607 2232 712 2318 magis
736 2230 860 2318 placet3
895 2231 1024 2296 accedit
1050 2231 1152 2296 inulto
1178 2233 1281 2297 maior

152 2333 304 2397 codicum
332 2334 521 2398 auctoritas·

258 2437 303 2501 bb.
347 2435 558 2501 Wouwcrius
594 2433 719 2501 Savaro
759 2436 1022 2502 Elmenhorstius
1047 2438 1226 2523 facilius
1260 2461 1280 2500 a

154 2539 284 2603 Basilio
309 2539 467 2620 scribunt,
489 2539 577 2624 quod
601 2563 704 2624 aquo
728 2541 894 2604 inventum
919 2541 963 2604 sit
985 2540 1107 2621 nescia,
1130 2541 1163 2603 iu
1186 2540 1280 2605 libris

153 2665 217 2705 non
244 2643 383 2727 repperi.
429 2642 575 2706 Molesta
597 2652 648 2708 est
669 2644 833 2729 repetitio

258 2746 303 2810 91.
348 2746 488 2810 Sernota
521 2745 732 2812 Wouwcrius
763 2747 853 2810 solus
877 2746 1023 2832 scripsit,
1045 2757 1211 2810 reseruata
1240 2767 1278 2809 ex

151 2849 258 2912 tribus
280 2849 374 2914 libris
397 2849 541 2914 adnotat.

257 2953 301 3016 98.
347 2952 541 3016 Reuerentia
565 2975 679 3017 vereor
701 2975 740 3016 ne
764 2952 943 3016 correctori
967 2952 1094 3016 cuidam
1113 2951 1279 3034 debeatur,

152 3077 227 3118 narn
252 3055 285 3117 in
305 3054 486 3142 archetypo
500 3056 554 3119 vix
573 3055 765 3119 crediderim
788 3055 821 3118 id
840 3055 952 3136 fuisse,
966 3077 1037 3119 cum
1050 3055 1127 3118 etin
1142 3057 1174 3118 A
1192 3063 1225 3118 et
1246 3055 1280 3118 in

152 3155 305 3221 HZbY
329 3157 487 3242 scriptum
512 3159 557 3222 sit
580 3159 784 3245 frequentia,
808 3157 895 3242 quod
918 3157 1069 3251 mendum
1092 3180 1157 3222 non
1179 3180 1280 3243 grave

152 3281 190 3322 ex
214 3260 366 3345 proximo
381 3262 686 3346 frequentatoribus
714 3270 765 3326 est
791 3270 908 3326 ortum.
953 3259 1149 3326 Emendatio
1172 3261 1206 3325 in
1230 3283 1280 3324 ar·

152 3359 296 3448 ohetypo
321 3361 471 3425 codicum
499 3385 565 3426 non
587 3363 787 3450 integrorum
815 3365 985 3451 adscripta
1006 3361 1124 3430 VUF
1137 3363 1167 3427 L
1189 3361 1281 3428 oodi·

153 3487 226 3527 cum
250 3465 467 3550 scriptoribus
492 3466 625 3551 placuit.
670 3469 711 3532 In
733 3467 765 3534 R
786 3478 819 3533 et
840 3467 869 3533 F
892 3467 1062 3534 codicibus
1092 3467 1281 3532 coniectura

152 3573 278 3630 tentato
311 3577 362 3632 est
394 3569 428 3631 in
452 3573 631 3634 cunicularis
660 3571 771 3653 verba,
795 3571 846 3635 cui
876 3570 1134 3657 superscriptum
1157 3576 1208 3634 est
1230 3571 1280 3633 uel

153 3679 218 3750 tue,
254 3678 286 3733 et
324 3675 506 3735 contentatur
539 3671 752 3739 Wouwcrius
786 3698 826 3739 ex
860 3674 965 3739 tribus
998 3673 1093 3738 libris
1133 3671 1278 3735 adnotat.

153 3767 251 3852 Quod
275 3775 495 3838 necessarium
518 3799 583 3840 non
606 3784 657 3841 est
685 3800 744 3842 nec
769 3799 845 3842 sane
868 3777 926 3840 illo
950 3776 1076 3842 melius

255 3876 300 3941 99.
346 3873 415 3942 Nec
436 3882 535 3944 nimiu
558 3902 625 3944 nec
646 3901 738 3963 raro,
750 3880 837 3964 quod
861 3879 1106 3945 Elmenhorstio
1125 3878 1188 3942 soli
1203 3899 1279 3962 pro-

150 3975 263 4042 batum
292 3988 352 4062 est,
374 3981 406 4044 A
430 3981 547 4064 codici,
578 3983 632 4048 ubi
655 3983 761 4069 prima
783 4004 878 4047 manu
907 3989 959 4047 est
991 3979 1148 4062 additum,
1181 3979 1278 4045 debe-

152 4089 218 4159 tur3
259 4081 292 4145 id
326 4082 404 4146 mihi
439 4084 541 4148 multo
581 4085 763 4171 elegantius
798 4085 927 4150 videtur
959 4106 1054 4168 quam
1088 4104 1146 4148 nec
1178 4087 1278 4149 nimio

152 4204 241 4246 raro.
286 4184 327 4248 Id
361 4193 467 4250 tamen
500 4211 566 4252 non
599 4189 781 4275 negandum
816 4197 867 4252 cst
900 4209 955 4252 aec
988 4211 1007 4250 a
1041 4183 1180 4252 Sidonio
1215 4187 1277 4252 hoo

152 4287 248 4349 modo
273 4288 352 4372 poni
376 4287 491 4355 solere.
