3194 4906
311 285 372 347 118

367 472 431 538 Μ.
466 471 505 536 Iu
527 471 560 536 A
582 473 741 558 scriptum
763 480 815 538 est
838 485 978 556 autrum,
1002 474 1060 538 sed
1078 499 1101 538 u
1117 484 1315 562 expunctum
1335 485 1396 541 est.

267 575 413 656 Arctum,
434 573 522 660 quod
542 575 576 639 iu
598 574 629 642 R
651 585 702 640 est
719 585 815 660 atque
834 576 867 640 iu
884 577 1036 643 omuibus
1054 577 1265 660 editionibus,
1282 581 1395 645 nescio

265 700 307 741 eu
329 677 438 742 verbis
461 699 568 741 maara
589 679 732 743 rotunda
754 686 924 767 repugnet.
970 680 1129 746 Iordanes
1151 703 1280 767 quoque
1303 705 1331 746 o.
1355 685 1397 750 24

265 780 460 845 Hunnorum
472 781 606 866 speeiem
620 781 786 866 pavendae
802 782 1034 870 uipredim'r
1049 783 1152 850 fuisse
1169 784 1253 850 dicit
1269 799 1299 851 et
1311 789 1397 852 uelut

264 883 435 968 quandam,
463 885 494 947 εἰ
519 882 589 947 diei
601 881 660 970 jas
683 896 772 968 esset,
801 886 977 970 deforme-m
1004 888 1111 976 offam,
1128 908 1193 952 ura
1214 890 1340 976 faeiem
1364 898 1397 954 et

264 985 404 1050 Attilam
437 989 480 1072 (e.
513 987 569 1068 35)
604 991 746 1072 eripieris
779 1009 855 1052 suae
883 993 980 1076 etqua
1008 993 1231 1056 restituentem
1265 997 1397 1080 cupite

265 1089 484 1174 praedicet
505 1097 539 1154 et
561 1102 732 1156 taetrum
755 1094 887 1158 colore
910 1093 1015 1158 fuisse
1038 1093 1206 1160 describit

370 1394 481 1466 Curm.
504 1403 535 1483 2,
557 1403 619 1466 265
643 1423 710 1486 seq.
734 1403 838 1486 (604).

587 1554 805 1644 Cornipedem
828 1569 919 1646 terpo
941 1581 1018 1644 perc
1042 1561 1148 1624 altere
1164 1563 1289 1645 fertur,

396 1659 474 1724 laceo
496 1659 666 1725 beditat.
702 1660 830 1727 Teretes
855 1683 951 1727 orcus
974 1674 1005 1727 et
1029 1664 1155 1748 spicula
1178 1665 1284 1728 cordi.

369 1837 434 1904 403.
478 1837 631 1921 Habitat,
663 1839 751 1925 quod
785 1849 837 1905 est
863 1841 897 1904 in
925 1842 958 1905 A
986 1849 1019 1906 et
1046 1840 1087 1923 R,
1115 1841 1179 1906 iam
1203 1838 1397 1907 Sirmondus

267 1941 475 2006 scribendum
497 1964 570 2009 esse
593 1943 716 2025 docuit,
739 1945 834 2008 babet
856 1956 895 2026 et,
920 1944 1009 2029 quod
1031 1942 1243 2010 Wouwerius
1268 1941 1396 2040 Seuero

266 2043 531 2110 Elmenhorstius
555 2046 712 2128 scribunt,
734 2047 966 2133 repellendum.

370 2351 481 2422 Germ.
504 2357 534 2440 2,
557 2357 621 2421 400
644 2377 711 2440 seq.
731 2357 836 2442 (610).

395 2512 558 2600 Perpetuo
582 2525 648 2577 etat
667 2514 786 2599 plauto
807 2514 885 2593 eolo,
910 2513 965 2578 aed
977 2513 1093 2600 fascea
1111 2517 1240 2599 primae

395 2618 527 2682 sistitur
549 2616 593 2680 ad
614 2616 748 2700 dipitor,
771 2619 955 2682 retinacula
977 2617 1055 2681 biae
1078 2621 1223 2682 coturnis

394 2722 500 2786 mittit
521 2723 558 2783 iu
580 2719 749 2784 adversum
772 2721 880 2784 educto
904 2721 943 2783 de
956 2721 1102 2807 fomite
1119 2723 1242 2806 pollue,

396 2845 475 2911 quoe
498 2825 667 2908 etru‘upaut
690 2823 838 2909 crepidas
861 2835 891 2886 et
914 2823 1179 2888 concurrentibus
1201 2826 1290 2887 cusia

291 2935 295 2946 ¹
395 2929 576 2993 eductorum
595 2928 723 3013 paudus
747 2938 855 2992 teueut
875 2948 936 3012 per
959 2949 1059 2992 crura
1082 2939 1220 2992 caterua.

372 3111 437 3175 ddi.
481 3110 607 3175 Fomite
636 3131 673 3174 ex
702 3109 815 3174 ARP
842 3108 949 3174 Paris.
973 3110 1054 3174 9551
1080 3109 1211 3195 scripsi,
1240 3130 1307 3172 uon
1321 3108 1397 3195 for-

199 3239 201 3244 ’
270 3215 350 3290 uice,
373 3235 437 3296 quo
461 3213 560 3278 verbo
586 3199 784 3276 Sirmondus
818 3211 974 3278 devexam
1007 3211 1102 3298 pedis
1124 3221 1250 3298 partem
1273 3212 1398 3298 signifi-

270 3316 338 3382 cari
361 3323 465 3403 putot.
499 3315 566 3380 Vix
589 3323 676 3380 recte
698 3315 733 3379 id
754 3314 895 3398 quidem,
918 3337 1021 3399 neque
1045 3317 1140 3398 enim,
1164 3324 1200 3379 ut
1223 3315 1287 3379 aliu
1302 3315 1397 3378 omit

269 3430 346 3501 tum,
371 3419 419 3483 sio
441 3418 642 3504 intellegitur
664 3419 701 3482 de
724 3418 938 3505 praepositio.
983 3419 1142 3505 Apparet,
1172 3419 1206 3483 ni
1229 3417 1337 3499 fallor,
1359 3416 1398 3480 li-

270 3523 407 3603 brarios,
442 3521 471 3586 si
504 3520 585 3586 haec
617 3520 716 3586 lectio
745 3521 779 3584 in
808 3520 979 3587 codicibus
1002 3522 1177 3604 invenitur,
1201 3521 1264 3586 hoc
1287 3543 1398 3586 corru-

268 3627 369 3712 pisse,
403 3648 475 3690 oum
509 3625 707 3712 singularem
721 3623 828 3709 fomee
851 3624 941 3690 verbi
964 3647 1057 3690 usum
1080 3648 1146 3689 non
1170 3624 1397 3705 attendissent,

267 3730 321 3814 qui
346 3728 420 3794 aliis
447 3751 575 3814 quoque
608 3729 692 3794 locis
728 3724 859 3793 Sidonii
887 3737 938 3794 est
961 3729 1160 3814 conspicuus
1184 3736 1220 3792 ut
1242 3751 1291 3815 ep.
1316 3729 1395 3794 112

269 3832 361 3918 (210)
382 3855 476 3897 mons
498 3834 674 3920 inferiores
691 3831 757 3897 eibi
775 3832 867 3898 eolles
891 3845 1085 3917 tamquam
1107 3834 1234 3917 pemmo
1249 3832 1397 3918 fomite

267 3936 402 4023 epfuuda't
430 3943 462 4001 et
488 3935 736 4021 11113047),
769 3935 825 4001 ubi
853 3936 891 4000 de
919 3938 1031 4022 spirae
1059 3935 1321 3999 internodiorum
1339 3934 1395 4022 fo·

267 4038 399 4105 mitibus
422 4051 598 4106 curvatura
621 4051 782 4104 coeterum
804 4059 970 4125 erumpere
993 4037 1125 4104 dicitur.
