3172 4908
310 281 347 328 lv

266 475 332 518 non
355 452 485 542 penitus
509 459 682 540 perspecta
704 452 906 540 proprietate
928 451 1091 517 interdum
1114 450 1264 517 codicum
1285 451 1400 517 lectio-

267 579 325 622 nes
359 556 410 620 vel
439 555 541 620 falsas
571 554 718 620 defendit
750 555 802 620 vel
837 578 931 621 veras
963 555 1160 620 coniecturis
1190 556 1330 636 vexavit,
1358 554 1398 620 de

266 659 385 743 quibus
419 658 589 724 meliorum
622 659 779 724 libromm
811 659 1007 724 auctoritate
1035 658 1176 745 probata
1204 658 1398 722 sententiam

265 784 357 826 suam
392 763 464 827 sine
492 760 592 827 dubio
620 763 671 826 vir
699 761 911 827 doctissimus
940 761 1026 826 ultro
1054 761 1209 840 mutabit3
1243 760 1399 827 disseruit

266 872 374 930 autem
391 865 431 930 de
448 865 510 931 hac
532 888 567 930 re
589 865 623 929 in
646 871 887 952 programmate
909 864 1075 952 gymnasii
1099 859 1398 928 Sondersbausiani

266 992 294 1032 a.
327 971 418 1051 1877,
445 968 534 1054 quod
562 991 628 1033 non
657 990 784 1054 semper
818 967 1087 1048 commemorabo,
1114 974 1147 1031 et
1175 967 1208 1031 in
1238 967 1398 1032 Actonlm

267 1067 445 1137 Societatis
468 1071 658 1158 philologae
681 1070 869 1156 Lipsiensis
892 1077 970 1134 tom.
994 1070 1027 1135 V
1050 1073 1092 1152 (a.
1119 1070 1225 1156 1875).
1270 1069 1398 1135 Editio-

264 1199 341 1240 num
368 1176 402 1240 in
431 1175 494 1240 hoc
521 1172 634 1239 libello
662 1172 901 1238 conscribendo
930 1172 982 1236 his
1009 1193 1088 1236 usus
1117 1194 1203 1237 sum:
1237 1195 1275 1236 00
1302 1195 1398 1257 quam

264 1278 386 1344 additis
415 1277 527 1342 Petri
552 1269 690 1341 Oolvii
713 1277 801 1340 notis
825 1276 853 1340 I.
877 1274 921 1341 de
944 1273 1181 1340 Wouweren
1205 1274 1344 1340 Parisiis
1368 1299 1396 1339 a.

266 1383 347 1450 1598
371 1381 485 1462 edidit,
507 1380 610 1446 altera
638 1380 694 1444 Io.
723 1375 942 1444 Savaronis
966 1377 1106 1443 Parisiis
1129 1402 1158 1442 a.
1190 1380 1270 1443 1609
1299 1378 1396 1459 edita,

264 1481 356 1548 Gev.
402 1482 692 1549 Elmenhorstii
745 1482 932 1566 (Hanoviae
977 1505 1006 1546 a.
1049 1483 1157 1567 1617),
1200 1482 1278 1546 100.
1319 1478 1397 1546 Sir-

262 1587 396 1652 mondi
431 1587 544 1669 altera,
578 1609 661 1671 quae
695 1587 819 1672 optima
853 1586 1001 1668 habetur,
1035 1584 1175 1650 Parisiis
1209 1607 1237 1648 a.
1270 1587 1350 1649 1652
1378 1609 1397 1648 a

263 1691 422 1756 Labbeo
457 1691 555 1771 edita,
582 1713 679 1774 quam
707 1711 834 1775 semper
863 1686 1030 1755 Sirmondi
1053 1689 1182 1754 nomine
1205 1711 1397 1754 commemo-

262 1802 334 1858 rato
369 1793 536 1880 intellego,
570 1793 716 1879 Mignii
750 1792 904 1877 (Parisiis
933 1815 962 1856 0.
989 1794 1097 1875 1862),
1120 1792 1175 1876 qui
1197 1792 1304 1877 ipsius
1329 1787 1397 1856 Sir-

262 1895 373 1962 mondi
402 1897 579 1962 editionem
602 1896 768 1981 repetivit,
790 1895 927 1959 Bareti
951 1895 1107 1980 (Parisiis
1132 1918 1160 1958 a.
1179 1895 1287 1978 1879).
1317 1891 1396 1959 Sae-

261 2002 337 2088 pius
367 2001 465 2066 etiam
494 2024 513 2064 a
541 2023 591 2064 me
620 1998 1041 2080 0011111101110101111111111101,
1064 1998 1321 2086 quiinscriptus
1345 2005 1397 2063 est

262 2100 411 2169 Oeuvres
446 2102 486 2167 de
521 2095 561 2167 O.
592 2099 716 2168 Sollius
744 2102 951 2188 Apollinaris
982 2096 1140 2166 Sidonius
1170 2100 1331 2167 traduites
1355 2125 1394 2166 en

262 2207 405 2272 franceis
424 2229 503 2272 avec
519 2207 550 2271 le
567 2214 655 2272 texte
673 2229 711 2270 en
729 2205 848 2293 regard
870 2213 905 2270 et
925 2204 982 2270 des
1006 2213 1102 2270 notes
1118 2228 1179 2293 par
1196 2206 1224 2270 I.
1237 2206 1275 2270 F.
1295 2203 1394 2270 Gre'-

261 2311 373 2398 goire
402 2319 434 2376 01
460 2311 499 2376 F.
530 2309 566 2374 Z.
595 2302 826 2374 Collombet
853 2309 965 2396 (Lyon
994 2316 1028 2373 et
1049 2308 1145 2374 Paris
1171 2310 1277 2391 1836),
1299 2331 1395 2393 quam

262 2413 433 2479 brevitatis
457 2436 558 2479 causa
578 2413 731 2500 gallicam
755 2411 806 2478 vel
829 2412 1024 2498 gallicorum
1042 2413 1255 2497 interpretum
1271 2412 1395 2476 versio·

262 2540 334 2582 nem
357 2515 500 2603 appello.
536 2524 538 2529 '

366 2715 510 2787 Codices
533 2745 615 2807 quos
638 2722 710 2808 ipse
733 2729 823 2787 totos
847 2723 971 2788 contuli
995 2723 1029 2786 hi
1052 2730 1137 2788 sunt.

366 2818 482 2890 Codex
507 2825 728 2890 Vaticanus
750 2849 782 2889 n.
806 2826 884 2888 3421
918 2829 964 2910 (l)
988 2826 1092 2891 forma
1113 2831 1135 2893 4
1156 2827 1233 2891 min.
1263 2825 1393 2891 saeculo

262 2928 317 2993 IX
344 2934 400 2992 0111
425 2927 461 2992 X
489 2928 642 3014 scriptus.
687 2927 769 2992 Eius
799 2928 915 2991 aetatis
939 2927 1062 2993 indicia
1083 2929 1118 2992 in
1140 2951 1179 2993 eo
1203 2951 1268 2992 non
1290 2951 1395 3013 pauca

262 3031 484 3109 inveniuntur3
507 3031 560 3096 hic
584 3031 665 3095 satis
689 3028 792 3094 habeo
816 3051 1068 3094 commemorare
1092 3033 1103 3095 l
1125 3032 1198 3094 016
1216 3029 1270 3114 (de
1289 3031 1392 3096 1011

262 3134 344 3200 nihil
372 3135 542 3218 adnotavi)
569 3134 751 3198 litterarum
775 3133 961 3218 superiores
984 3131 1102 3198 ductus
1126 3134 1306 3198 crassiores
1330 3133 1395 3200 cla·

262 3261 395 3323 vaeque,
428 3245 465 3301 ut
501 3238 601 3318 aiunt,
641 3235 775 3318 similes,
807 3235 843 3300 N
876 3258 937 3322 pro
970 3258 993 3297 o
1025 3236 1210 3319 frequenter
1249 3237 1394 3322 positum

262 3342 438 3428 praecipue
461 3341 494 3405 in
518 3340 671 3405 extremis
694 3338 864 3404 vocabulis
887 3361 960 3402 cum
977 3334 1045 3403 OS
1060 3337 1087 3404 Τ
1103 3338 1223 3405 litteris
1240 3340 1394 3405 coniunc-

263 3452 341 3526 tum,
376 3443 427 3508 his
463 3443 694 3530 antepositum,
730 3441 779 3505 illi
813 3442 1049 3528 postpositum,
1079 3465 1098 3506 a
1125 3441 1255 3507 litterae
1278 3464 1351 3508 cum
1372 3467 1394 3505 a

264 3547 508 3613 similitudinem
525 3546 697 3631 quandam.
722 3539 928 3632 Compendia
950 3545 1080 3610 minime
1103 3568 1176 3610 rara
1200 3553 1277 3610 sunt
1291 3568 1394 3629 neque

263 3658 371 3716 tamen
400 3650 586 3736 legentibus
609 3648 854 3736 impedimento,
881 3648 912 3712 61
939 3648 1072 3733 antiqua
1094 3649 1199 3714 forma
1220 3649 1254 3713 in
1277 3649 1393 3713 mediis

263 3776 390 3840 quoquc
413 3753 583 3819 vocabulis
607 3753 752 3840 ponitur,
775 3753 828 3817 cui
851 3773 949 3838 saepe
974 3777 993 3816 a
1015 3750 1143 3816 litterae
1165 3761 1244 3816 nota
1261 3752 1394 3816 subiun-

263 3857 361 3944 gitur.
408 3857 433 3922 S
457 3865 490 3922 et
516 3859 538 3921 d
565 3856 691 3922 litteras
721 3878 960 3940 nonnumquam
990 3853 1139 3919 confudit
1165 3853 1330 3935 librarius,
1358 3862 1394 3918 ut

263 3960 440 4046 exemplari
464 3959 741 4041 semiuncialibue‚
765 3981 848 4044 quae
873 3958 1034 4040 dicuntur,
1059 3957 1179 4022 litteris
1203 3958 1392 4043 conscripto

263 4085 342 4128 usus
359 4063 516 4128 videatur.
540 4064 652 4130 Verba
671 4070 704 4127 et
720 4062 911 4143 sententiae,
922 4068 1043 4146 quanta
1057 4068 1108 4124 est
1119 4061 1152 4124 in
1165 4061 1283 4125 ceteris
1295 4061 1392 4125 rebus

264 4167 360 4232 huius
394 4166 470 4232 libri
503 4167 673 4253 perfectio,
707 4188 773 4230 non
808 4164 889 4229 00110
925 4163 1125 4244 dividuntur,
1163 4185 1203 4227 ne
1242 4161 1393 4249 longiora

262 4270 392 4355 quidem
419 4270 590 4352 vocabula,
617 4279 653 4334 ut
679 4268 712 4332 in
735 4268 833 4354 primi
855 4267 931 4332 libri
953 4267 1058 4353 prima
1083 4263 1225 4350 epistula
1246 4266 1393 4350 6190011-
