3186 4900
343 287 404 352 110

300 474 453 562 pendium
475 483 527 541 cst
548 475 716 562 scriptum.
762 473 966 562 Fraqaribus
996 499 1055 563 pro
1075 479 1224 566 franqor
1248 480 1428 563 anqoribns

299 581 333 644 in
356 578 506 644 omnibns
530 577 700 644 codicibus
723 580 881 664 scriptum
905 579 1042 644 videtur.
1076 581 1297 666 Aptissimum
1321 591 1428 646 tamen

300 690 351 748 est
365 682 523 772 sranqor,
546 703 682 768 prorsus
705 682 849 768 ineptum
869 683 1079 766 ¹frerqoribus.
1123 682 1200 748 Hoc
1223 691 1331 748 tumen
1353 683 1431 747 reti-

301 793 379 850 nent
392 781 517 850 Severo
530 784 794 850 Elmenhorstius
816 781 1010 850 Sirmondus
1027 785 1177 873 Mignius
1195 785 1345 852 Baretus.
1373 786 1432 852 El·

300 887 521 954 menhorstius
545 887 597 952 bie
619 890 792 974 releqatuu
816 885 1011 953 Sirmondus
1035 897 1068 954 et
1090 889 1240 976 Mignius
1269 891 1327 954 boc
1350 893 1431 955 rete-

300 1002 397 1076 qatus
420 990 549 1058 hebent.

403 1249 467 1336 Ep.
492 1247 546 1314 IX
568 1251 587 1313 5
613 1251 714 1336 (441).
759 1249 837 1314 Etsi
858 1252 1040 1334 plusculum
1053 1250 1147 1337 sorte
1171 1251 1314 1316 discreta
1336 1275 1432 1338 quam

302 1355 476 1419 communis
499 1357 625 1418 animus
649 1353 783 1440 optabat
810 1355 881 1418 sede
910 1355 1124 1434 consistimus,
1152 1374 1216 1417 uon
1241 1365 1347 1418 tamen
1368 1377 1433 1418 me·

301 1459 354 1522 dii
377 1459 508 1522 itineris
531 1456 664 1536 obiectu,
687 1467 841 1543 qnantum
863 1457 906 1521 ad
929 1459 1112 1522 soluendum
1134 1468 1257 1542 spectat
1280 1458 1432 1542 officium,

304 1574 416 1625 reostra
438 1561 593 1650 sedulitas
616 1559 842 1645 impediretur,
865 1563 946 1625 nisi
967 1562 1066 1648 quod
1085 1583 1145 1647 per
1169 1582 1270 1646 reqaa
1293 1562 1434 1626 divisio

303 1667 491 1729 commercio
520 1665 820 1750 frequentioris
860 1669 1016 1730 sermonis
1050 1665 1255 1730 diversarum
1293 1668 1433 1730 sortium

301 1773 374 1834 iure
396 1788 635 1832 revocamur.
671 1766 759 1847 Quae
777 1788 860 1831 nunc
876 1769 990 1832 saltem
1007 1780 1084 1853 past
1104 1771 1196 1854 pacis
1221 1771 1340 1833 initam
1353 1791 1434 1855 pac-

303 1875 422 1936 tionem
457 1873 534 1956 quia
558 1870 712 1954 fidelibus
746 1873 864 1934 animis
895 1871 1162 1953 foederabuntur,
1184 1874 1293 1959 apices
1326 1876 1435 1936 nostri

301 1979 459 2061 incipient
482 1994 657 2038 commeare
681 1975 799 2052 crebri,
822 1977 975 2061 quoniam
997 1987 1120 2039 cessant
1143 1995 1207 2040 esse
1236 1977 1384 2060 suspecti.

404 2075 468 2142 bii.
513 2071 590 2140 Nisi
624 2077 707 2162 quod
741 2083 774 2140 ct
806 2075 905 2161 paulo
934 2084 1012 2162 post
1034 2099 1223 2142 rencccmur
1246 2078 1367 2165 scripsi
1392 2101 1433 2141 cx

303 2183 336 2246 A
346 2180 381 2246 H
393 2179 461 2246 ΒΖ
476 2177 505 2244 U
531 2177 711 2243 codicibus.
758 2177 851 2258 Quod
880 2201 899 2242 a
921 2176 1114 2245 Wouwerio
1142 2203 1180 2244 ex
1210 2180 1315 2246 tribus
1338 2180 1433 2244 libris

304 2283 494 2350 adnotatum
516 2281 545 2346 is
568 2281 640 2368 ipse
663 2290 696 2345 et
718 2277 914 2347 Sirmondus
936 2281 1086 2368 Mignius
1103 2281 1243 2347 Baretus
1266 2282 1434 2364 omittunt,

304 2387 402 2452 iidem
436 2405 713 2450 revocaremur
736 2383 900 2464 scribunt3
933 2384 996 2450 hoc
1018 2385 1282 2450 Elmenhorstius
1305 2407 1435 2469 quoqne

303 2491 412 2572 habet,
434 2510 627 2574 quamquem
660 2489 744 2576 quod
777 2487 921 2552 retinuit.
968 2485 1093 2554 Savaro
1128 2473 1237 2553 veram
1259 2488 1434 2554 lectionem

304 2592 418 2674 edidit,
441 2591 557 2656 falsam
580 2591 614 2656 in
637 2590 848 2656 adnotatione
877 2591 1017 2657 exhibet.
1062 2591 1164 2656 Recte
1191 2591 1351 2656 hocloco
1375 2614 1435 2677 po·

305 2697 393 2761 nitur
415 2699 481 2762 nisi
513 2695 607 2781 quod,
630 2718 704 2759 nam
727 2703 795 2759 tum
817 2694 926 2780 ipsum
950 2717 1014 2758 non
1038 2694 1189 2759 revocari
1213 2695 1253 2760 ab
1277 2693 1434 2780 epistula·

305 2825 374 2866 rum
397 2799 591 2866 commercio
614 2805 692 2885 post
715 2798 877 2879 dicuntur,
891 2797 943 2862 cui
960 2805 1159 2885 repugnaret
1181 2801 1247 2862 nisi
1270 2819 1435 2863 reuocare·

304 2927 386 2971 mur.
431 2903 477 2968 Et
498 2900 629 2966 facilior
651 2899 733 2965 haec
754 2899 898 2965 librariis
922 2898 1093 2965 videbatur
1116 2899 1214 2965 lectio
1238 2921 1287 2982 ac,
1299 2899 1327 2964 si
1351 2899 1435 2986 qnod

305 3006 525 3088 interciderat,
547 3026 651 3092 paene
672 3004 868 3069 necessaria.

407 3109 471 3176 380.
516 3107 763 3195 Frequentioris
785 3107 820 3170 in
843 3105 1042 3172 editionibus
1066 3115 1116 3170 est
1138 3105 1286 3190 idemque
1303 3105 1337 3168 in
1354 3103 1386 3168 R
1402 3111 1436 3168 et

306 3213 348 3291 Z3
373 3211 487 3277 sedin
508 3211 541 3274 A
555 3211 783 3299 frequentiore
806 3231 844 3273 ex
859 3210 1087 3297 frequentiori
1110 3210 1230 3274 factum
1247 3206 1435 3294 repperi,in

304 3317 339 3380 H
362 3323 395 3380 et
418 3313 449 3380 U
464 3315 691 3401 frequentiore
719 3313 811 3396 eique
840 3313 984 3398 genetivi
1005 3312 1144 3377 formam
1167 3310 1435 3398 superscriptam.

305 3418 537 3504 Frequentiori
560 3415 612 3480 vix
637 3415 834 3498 admiserim,
852 3423 1032 3481 ceterarum
1054 3415 1231 3480 lectionum
1254 3422 1359 3477 utram
1384 3409 1437 3476 Si-

305 3522 424 3587 donius
457 3519 609 3586 maluerit
631 3542 696 3584 non
729 3517 875 3600 adfirmo,
898 3542 1092 3604 quamquam
1115 3518 1194 3583 mihi
1216 3517 1347 3603 quidem
1369 3539 1436 3580 ma-

305 3627 357 3714 gis
380 3625 488 3713 placet
512 3623 708 3689 adiectivum
730 3621 812 3687 illud
835 3621 876 3686 ad
900 3625 1087 3687 commercio
1099 3644 1195 3706 qnam
1214 3620 1255 3686 ad
1278 3622 1436 3686 sermonis

304 3730 435 3796 referre.

407 3988 471 4074 up.
495 3987 549 4053 IX
573 3990 590 4049 7
614 3987 718 4072 (443).
747 3986 889 4067 Quidam
905 3985 944 4048 ab
963 3982 1306 4068 AruernisBetqicam
1321 3995 1437 4068 petens

306 4095 462 4178 (persana
494 4091 577 4156 mibi
610 4094 742 4176 coqnita
776 4102 832 4162 est,
857 4109 953 4154 censa
980 4090 1105 4174 iqaota,
1127 4109 1184 4151 aee
1206 4087 1325 4171 rq'ert)
1345 4100 1437 4172 post·

306 4218 401 4282 quam
424 4197 539 4260 Remos
562 4196 748 4276 aduenerat,
772 4193 913 4260 scribam
941 4204 1028 4258 tuum
1056 4213 1109 4255 seu
1132 4190 1342 4277 bibliopolam
1360 4211 1438 4274 pre·

308 4303 354 4364 tio
368 4300 447 4387 sore
461 4302 542 4386 fuat
570 4299 763 4386 officione
792 4298 982 4363 demeritum
1006 4297 1225 4381 copiosissimo
1249 4295 1437 4360 natisnatis
