3172 4908
1258 259 1277 318 5

192 469 394 534 quamquam,
427 449 461 510 oi
495 467 598 510 sermo
633 457 781 524 secretus,
811 448 920 530 poesis
953 448 1080 510 animo
1115 444 1322 510 aduertere

192 551 276 639 quod
309 561 413 614 seruet
441 553 539 614 istam
562 569 628 636 pro
652 550 878 614 concacmdine
901 553 1006 635 mapis
1029 569 1124 635 quom
1143 569 1206 633 pro
1230 548 1323 611 reli·

191 657 309 740 picae
332 657 560 717 reuerentiam.

295 757 321 823 i.
365 753 532 820 Diurnam
563 762 652 820 recte
688 750 814 819 Savaro
839 754 987 840 scripsit,
1020 775 1087 818 non
1120 753 1322 830 diuturnam,

193 858 282 944 quod
314 881 334 922 a
366 857 510 922 librariis
550 878 703 944 perverse
742 857 888 943 positum
928 858 960 920 in
994 854 1323 923 HRZbFUXY

194 963 294 1026 haur.
316 959 417 1026 XLV
450 961 491 1023 26
526 983 546 1023 u
584 956 760 1026 Sirmondo
792 961 965 1040 retinetur,
990 981 1085 1043 quem
1120 959 1222 1026 secuti
1247 970 1324 1022 sunt

194 1064 343 1150 Mignius
374 1070 407 1126 et
431 1062 582 1128 Baretus.
633 1063 673 1128 In
706 1062 879 1149 Ragcwini
915 1083 1042 1147 quoque
1078 1061 1143 1146 (cfr
1177 1085 1253 1148 pag.
1286 1063 1321 1147 3)

194 1167 364 1232 codicibus
399 1166 558 1251 scripturn
593 1174 657 1230 est:
697 1172 726 1229 ri
759 1168 918 1230 actionem
951 1167 1185 1230 diuturnum
1216 1166 1324 1241 forin-

193 1291 281 1336 secas
297 1275 485 1356 perquiras,
519 1276 553 1332 et
580 1269 628 1333 sio
662 1268 690 1332 is
724 1267 818 1332 locus
852 1268 970 1332 editur.
1016 1267 1105 1334 Illud
1139 1268 1173 1332 in
1206 1264 1323 1332 ALO

195 1379 369 1452 servatum,
393 1371 427 1434 in
449 1369 514 1436 RF
537 1378 617 1456 post
640 1369 785 1434 additum
808 1393 873 1434 non
897 1394 917 1434 a
940 1367 1107 1435 Savarone
1129 1370 1246 1450 solum,
1266 1369 1324 1434 sed

194 1475 292 1540 etiam
325 1474 359 1536 in
392 1473 543 1559 principe
580 1472 734 1553 editione,
762 1495 783 1536 a
815 1473 938 1539 Vineto
961 1469 1157 1538 Wouwerio
1190 1471 1324 1536 Elmcn-

194 1577 321 1642 horstio
345 1575 439 1640 alteri
462 1575 596 1640 lectioni
616 1574 792 1639 antelatum
810 1585 870 1658 cst,
888 1576 997 1660 itaque
1015 1576 1221 1640 scribendum
1251 1595 1324 1639 esse

194 1671 424 1744 Chatelainius
456 1677 597 1756 monuit3
632 1676 716 1742 addo
750 1676 837 1742 idern
871 1678 987 1742 vitium
1009 1701 1059 1764 ep.
1091 1678 1163 1743 VII
1185 1678 1205 1741 3
1228 1678 1322 1762 (415)

194 1781 313 1846 habere
336 1779 528 1846 VHRZb
551 1778 694 1861 codices,
717 1781 751 1844 in
774 1781 807 1844 A
828 1790 917 1845 recte
941 1780 1041 1846 scribi
1064 1803 1147 1845 nuuc
1166 1803 1228 1865 per
1250 1801 1325 1844 noc·
1359 1799 1363 1806 ·

194 1897 294 1950 turno
316 1887 471 1970 suspiria,
493 1905 578 1948 nunc
593 1905 658 1969 per
680 1885 827 1948 diarria
849 1885 959 1969 officia
981 1885 1170 1948 distractus.

297 1990 324 2052 8.
368 1985 559 2054 Sitsermo
589 1999 727 2052 secratur
755 1986 838 2051 male
861 1983 1072 2052 Wouwerius
1102 1987 1247 2072 scripsit,
1271 2008 1324 2050 ve-

195 2115 264 2157 ram
296 2092 470 2156 lectionem
497 2091 531 2153 in
559 2090 771 2156 adnotatione
794 2099 1035 2156 commemorat.
1081 2091 1132 2154 De
1165 2091 1326 2175 interpre-

195 2195 320 2259 tatione
347 2192 442 2257 huius
476 2192 542 2257 loci
576 2193 626 2257 cfr
659 2193 777 2258 librum
805 2194 944 2279 Fertigii
972 2193 1069 2258 modo
1093 2215 1324 2258 commemora·

196 2305 263 2360 tum
287 2299 377 2384 (pag.
402 2297 442 2360 29
467 2295 604 2379 adnot).

298 2401 325 2464 t.
370 2400 490 2463 Animo
514 2399 684 2463 aduertere
702 2400 976 2465 consentientium
999 2399 1149 2466 AHFL
1173 2399 1323 2464 codicum

196 2505 390 2568 auctoritate
423 2503 540 2566 ductus
574 2501 705 2588 scripsi,
736 2503 822 2567 sicut
844 2499 970 2567 Severo
993 2511 1026 2566 et
1047 2501 1323 2570 Elmenhorstius.

196 2598 332 2670 Certum
364 2605 458 2668 huius
491 2625 570 2668 usus
604 2605 827 2668 testimonium
862 2605 1006 2669 adfertur
1034 2605 1121 2670 Plin.
1151 2605 1228 2668 hist.
1257 2613 1323 2669 nat.

193 2706 300 2773 XXV
311 2709 499 2794 2(3),5quo
518 2709 664 2790 primum
687 2718 827 2793 tempore
851 2709 933 2774 bunc
955 2709 1179 2773 ruentiamad
1195 2719 1324 2772 nostroe

189 2813 376 2896 pervenisse
400 2812 528 2874 antimo
554 2809 735 2887 adverto,·
765 2811 815 2873 cfr
837 2811 938 2897 Verg.
962 2813 1045 2875 Aen.
1077 2811 1114 2875 II
1148 2813 1210 2874 71⁶2
1245 2832 1324 2896 quar

195 2914 303 2977 dicam
326 2914 445 2976 aniciis
468 2911 628 2976 advertite
651 2915 777 2977 reatris.

299 3017 343 3082 10.
388 3015 456 3079 Pro
490 3017 660 3100 relictoue,
693 3014 781 3098 quod
815 3016 921 3078 estin
945 3017 987 3096 A,
1010 3020 1140 3080 ratione
1163 3017 1324 3103 scriptum

195 3127 246 3182 est
277 3119 311 3181 in
339 3116 534 3184 RZbLX
567 3117 666 3182 Laur.
689 3117 789 3184 XLV
812 3120 853 3182 26
889 3159 929 3168 --
963 3119 1003 3184 de
1036 3119 1070 3184 H
1104 3119 1230 3201 dubito,
1266 3121 1324 3186 sed

196 3219 347 3305 suspicor
381 3242 453 3286 esse
481 3223 611 3285 ratione
634 3259 674 3269 —-
698 3221 784 3286 idem
812 3222 917 3286 estin
941 3222 1141 3288 editionibus
1174 3224 1325 3310 principe

199 3321 310 3387 Vineti
345 3320 529 3387 Wouwerii
569 3323 703 3409 Mignii.
763 3321 975 3387 Wouwerius
1018 3333 1051 3388 et
1089 3323 1238 3411 Mignius
1278 3333 1326 3390 ta·

197 3445 272 3489 men
305 3426 339 3488 in
373 3425 470 3489 libris
504 3425 738 3511 marruscriptis
774 3427 1016 3492 adnotaverunt
1046 3449 1119 3492 esse
1153 3430 1324 3514 relipr'ouc.

196 3526 237 3592 Id
258 3526 368 3612 ipsum
391 3527 461 3591 sine
495 3526 595 3592 dubio
617 3527 740 3592 rectius
769 3529 949 3614 opponitur
972 3533 1204 3611 consuetudini,
1228 3553 1324 3616 quam

195 3629 269 3713 quis
303 3638 401 3716 neget
434 3630 583 3716 potuisse
618 3653 636 3693 a
670 3650 747 3715 rego
781 3631 922 3696 consilio
956 3641 990 3696 et
1023 3637 1151 3698 ratione
1174 3633 1324 3698 institui?

195 3731 274 3796 Non
308 3730 402 3796 aliter
429 3730 551 3796 editum
578 3731 665 3797 hunc
692 3729 800 3796 locum
834 3745 1065 3800 commemoret
1096 3735 1323 3822 Buedingerus

196 3833 419 3920 (Apollinaris
454 3829 612 3899 Sidonius
646 3833 695 3898 als
735 3833 907 3917 Politiker,
941 3837 1090 3902 Viennae
1133 3839 1207 3904 1881
1246 3861 1322 3926 pag.

194 3938 263 4019 40).
307 3936 381 4002 Nec
413 3935 498 4002 male
527 3937 574 4000 ita
597 3932 754 4001 Sidonius
779 3938 985 4023 scripsisset:
1020 3961 1080 4024 pro
1115 3939 1242 4004 ratione
1265 3963 1325 4026 po-

194 4039 260 4104 tius
293 4060 390 4123 quam
424 4061 485 4125 pro
521 4039 690 4126 religione.
751 4037 828 4104 Huc
860 4040 989 4105 accedit
1025 4041 1113 4125 quod
1147 4043 1180 4106 in
1214 4065 1325 4108 receu-

195 4141 335 4206 tioribue
364 4150 451 4208 certe
478 4141 649 4208 codicibus
673 4144 792 4227 calipto
815 4143 977 4208 interdum
998 4167 1059 4230 per
1081 4144 1146 4210 tale
1170 4169 1325 4233 compen-

195 4241 283 4308 dium
307 4243 472 4326 scribitur,
485 4253 522 4308 ut
533 4245 662 4330 integro
684 4244 846 4309 vocabulo
859 4250 946 4310 ratio
961 4247 1068 4312 simile
1079 4249 1147 4331 fiat,
1163 4272 1268 4334 neque
1285 4271 1325 4314 ex
