3186 4900
319 285 377 346 116

272 473 326 537 dio
350 473 393 536 ad
416 473 598 549 terminum,
622 472 669 534 eie
691 492 711 531 o
726 469 794 552 sine
817 472 1008 554 releqoneor
1026 469 1069 532 ad
1085 492 1248 535 sommum.
1278 467 1335 533 Sic
1353 481 1404 534 ese

271 575 355 641 illud
377 578 566 660 antiquum:

448 728 553 792 Romo
576 727 639 792 teos·
661 728 767 793 subito
790 727 930 794 motibus
953 727 1016 794 ieie
1039 749 1131 793 amor

273 846 304 898 et
325 832 430 899 ictae:

448 935 524 1000 Sole
547 935 672 1000 mede-re
690 935 790 1022 pede
813 935 868 1000 ede
885 936 1008 1022 perede
1031 937 1138 1000 meloe.

376 1093 440 1158 396.
485 1092 552 1157 Pro
570 1092 653 1177 pede
677 1091 819 1156 fortasse
842 1091 1052 1158 scribendum
1075 1099 1126 1157 est
1141 1092 1251 1176 pedes.

375 1196 440 1261 eei.
484 1196 525 1261 In
548 1194 690 1280 Aquod
713 1195 815 1260 seiam
838 1195 910 1260 solo
935 1202 1014 1282 post
1029 1195 1173 1281 priorem
1200 1217 1327 1259 versum
1357 1193 1408 1258 in·

275 1299 461 1388 terponitur
488 1312 538 1364 et.-

377 1441 407 1502 εἰ
429 1438 504 1503 bene
529 1449 557 1502 te
580 1449 637 1502 tea
661 1440 731 1503 lates
754 1449 846 1502 toeot
870 1461 928 1503 seeo
951 1439 1037 1503 laute
1061 1437 1193 1502 tenebis.

378 1591 442 1656 ³98.
487 1592 527 1657 In
551 1592 664 1658 eodem
689 1593 802 1659 eodiee
824 1592 924 1680 paulo
947 1600 1026 1678 post
1048 1590 1104 1655 ubi
1127 1590 1216 1655 aliud
1239 1612 1407 1656 reeurren-
1460 1661 1463 1665 ,

277 1696 358 1760 tium
381 1716 532 1759 versuum
555 1696 738 1782 exemplum
754 1695 911 1777 adfertur,
926 1703 1005 1782 post
1020 1694 1113 1759 heeez
1139 1695 1197 1758 hoe
1212 1697 1241 1758 ei
1256 1715 1409 1760 recurras

275 1801 324 1861 ito
348 1800 491 1882 leqiteee:

379 1951 516 2036 Defieiet
538 1954 602 2016 eico
625 1954 693 2016 iam
716 1963 935 2038 comtemptum
959 1962 1099 2038 tempore
1114 1953 1247 2036 flumen,

381 2058 513 2120 tramite
535 2056 682 2121 ‹ieeureit
704 2056 788 2142 qood
810 2056 903 2121 modo
922 2056 1106 2142 praecipiti

278 2227 409 2294 additur
430 2226 462 2290 ὣ
486 2225 582 2291 Meso
604 2227 704 2292 miehi
728 2249 839 2292 eaesae
856 2246 1071 2313 memoretque
1089 2230 1220 2292 numine
1238 2224 1411 2310 leeo,quod

279 2336 473 2415 receperunt
483 2326 694 2394 Wouwerius
709 2326 835 2394 Severo
852 2328 1128 2396 Elmenhorstius.
1152 2326 1220 2396 Sed
1231 2329 1295 2395 hoe
1306 2327 1410 2393 multo

279 2433 387 2497 minus
410 2438 485 2517 apte
502 2430 609 2496 verbis
627 2428 758 2497 Sidonii
780 2431 935 2498 inseritur
954 2439 1039 2499 —et
1060 2432 1095 2498 in
1108 2433 1141 2496 A
1163 2433 1330 2520 posterius
1353 2429 1412 2497 ad-

280 2533 383 2598 ditum
406 2540 467 2615 est,
494 2532 601 2620 prima
623 2542 731 2600 temen
752 2559 859 2618 manu,
881 2535 963 2600 illud
987 2557 1064 2600 vero
1087 2558 1154 2600 non
1175 2535 1263 2600 item.
1298 2530 1411 2616 Quare

280 2637 324 2718 id,
336 2657 529 2720 quamquam
553 2636 692 2701 offendit
713 2645 866 2724 correpta
889 2637 1033 2703 seeundo
1056 2640 1141 2702 laete
1164 2638 1255 2703 verbi
1270 2637 1411 2725 syllaba,

281 2739 393 2805 neseio
417 2761 459 2802 an
480 2738 592 2826 potius
617 2737 754 2805 Sidonio
783 2740 991 2806 tribuendum
1015 2740 1059 2804 sit
1080 2763 1177 2825 quam
1199 2761 1316 2805 versus
1340 2762 1411 2804 om-

283 2843 381 2908 nibus
403 2842 445 2907 iis
468 2849 577 2925 notus,
593 2842 648 2927 qui
672 2843 816 2908 earmina
837 2842 979 2930 Vergilii
1003 2841 1189 2908 didicerunt
1205 2850 1239 2907 et
1253 2865 1415 2930 gramma·

283 2947 368 3012 tiooe
391 2945 433 3012 de
457 2946 605 3012 versibus
629 2945 811 3034 reciprocis
834 2947 1034 3011 disserentes
1055 2944 1216 3033 legerunt„

385 3255 721 3343 Ep.1X14(458).
768 3254 881 3341 Offioe'i
912 3258 1018 3339 meeis
1052 3260 1161 3318 nostri
1183 3268 1230 3319 est
1252 3255 1417 3320 auditori·

285 3361 341 3424 bees
364 3382 495 3423 scamno
517 3379 714 3444 componere,
733 3379 938 3445 praeparare
962 3379 1056 3423 auree
1069 3359 1268 3443 fraqoee'bue
1286 3360 1417 3422 intona-

286 3466 381 3543 turis,
404 3462 540 3548 dumque
562 3463 700 3527 virtutes
723 3473 758 3527 tu
780 3462 864 3526 dieis
880 3464 1015 3543 alienae,
1030 3481 1088 3528 ooe
1110 3464 1320 3527 moliemur
1343 3473 1416 3526 tuae

285 3570 402 3633 dieere.

388 3686 452 3752 399.
496 3685 686 3766 Moliomue,
709 3684 797 3770 quod
824 3685 990 3772 plerisque
1017 3685 1131 3750 deesse
1153 3684 1236 3750 dicit
1257 3682 1416 3750 Wouwe-

285 3793 365 3873 risse,
388 3815 428 3856 ex
450 3790 482 3854 A
505 3788 633 3867 addidi3
657 3787 820 3853 omittitur
841 3788 875 3853 in
898 3789 932 3853 H
944 3787 1013 3854 RZ
1037 3788 1124 3853 siout
1144 3788 1179 3851 in
1198 3783 1365 3852 Sirmondi
1383 3796 1418 3853 et

286 3894 399 3959 Bareti
421 3892 632 3958 editionibus.
677 3891 717 3956 In
740 3891 862 3979 Mignii
885 3891 1030 3956 editione
1052 3899 1130 3978 post
1153 3913 1340 3977 eompooere
1357 3913 1418 3977 po-

286 3999 374 4062 nitur
397 4009 437 4079 ee,
459 3995 547 4082 quod
570 3996 626 4061 vix
649 4003 700 4060 est
721 3994 953 4061 necessarium.
