3172 4908
312 230 353 296 40

269 424 337 482 tum
361 425 412 482 est
428 417 714 498 conuentieutibue,
728 439 768 483 ex
779 440 844 502 quo
860 426 894 482 et
909 420 1168 486 conuenientibus
1186 421 1272 486 effici
1289 429 1405 507 potest

270 528 303 584 et
326 519 606 584 consentientibus.
632 520 805 586 Posterius
818 543 918 606 aeque
931 521 1087 607 displicet
1098 531 1194 608 atque
1208 527 1405 588 concinenti·

271 623 336 688 bue.
366 616 490 688 Carere
508 631 616 688 tamen
640 622 691 687 his
704 623 813 688 verbis
833 647 898 689 non
916 647 1092 711 possumus
1111 648 1213 712 neque
1230 625 1409 710 quidquam

270 723 304 787 in
327 725 368 789 iis
393 725 548 810 estquod
565 749 584 788 a
597 722 727 790 Sidonii
740 749 859 812 genere
882 726 1036 813 loquendi
1060 727 1233 793 abhorrere
1246 728 1407 793 videatur.

375 829 437 894 138.
483 830 524 893 ln
554 829 764 914 sequentibus
789 826 985 896 Sirmondus
1008 831 1084 896 solii
1107 832 1208 896 scribi
1232 831 1337 895 voluit
1358 853 1413 894 re-

271 929 357 996 iecto
389 934 477 1012 solet,
501 933 589 1017 quod
624 931 740 997 estin
774 931 1207 1012 AHRZVUFLXY.
1253 932 1346 1016 Quae
1369 934 1413 998 de

272 1031 518 1100 Purisicnsibus
548 1034 720 1100 codicibus
755 1044 867 1100 narret
898 1036 1051 1118 Beretus,
1079 1038 1165 1101 inter
1199 1059 1234 1101 sc
1262 1037 1335 1123 ipsa
1357 1060 1412 1102 re-

274 1144 433 1224 pugnant.
480 1138 567 1204 Solii
595 1138 623 1203 si
657 1137 730 1223 quis
765 1137 918 1204 librarius
947 1140 1105 1225 reposuit,
1128 1163 1167 1204 ex
1191 1139 1414 1204 antecedenti-

276 1239 337 1304 bus
360 1243 438 1306 solli
461 1243 590 1328 capacia
615 1242 799 1329 hemicyclio
824 1243 972 1307 conicere
996 1244 1114 1329 potuit.
1160 1242 1279 1308 Utrum
1302 1244 1414 1308 verius

277 1343 330 1425 sit,
352 1343 432 1408 mihi
456 1368 521 1410 non
545 1353 610 1410 tam
634 1353 756 1410 certum
779 1346 908 1411 videtur
930 1369 1027 1430 quam
1061 1343 1247 1411 Sirmondo.
1293 1347 1329 1411 Is
1364 1367 1415 1411 so·

187 1445 190 1452 ⁴
277 1451 317 1513 lli
350 1452 455 1536 styma
492 1449 577 1514 idem
613 1472 686 1514 esse
720 1458 815 1535 putat
842 1457 938 1534 utque
967 1452 1043 1514 eol-ii
1066 1450 1287 1537 hemicyclium
1311 1450 1414 1536 paulo

275 1560 349 1618 unte
385 1552 518 1618 dictum.
580 1549 647 1618 Sed
681 1552 863 1618 cavendum
904 1560 956 1617 est
988 1576 1028 1618 ne
1063 1553 1199 1618 alteram
1232 1553 1415 1618 lectionem

277 1678 376 1742 posse
400 1657 477 1722 ferri
501 1665 621 1722 temere
644 1678 810 1743 negemus.
856 1654 1018 1721 Omnibus
1048 1657 1122 1722 aliis
1145 1656 1241 1738 locis,
1263 1656 1318 1740 qui
1342 1657 1417 1740 qui-

276 1757 348 1824 dem
384 1759 483 1846 vulgo
518 1758 720 1840 adferuntur,
744 1761 850 1843 aipma
878 1767 928 1824 est
949 1781 1072 1840 mensa,
1096 1760 1183 1824 sicut
1205 1757 1292 1843 apud
1316 1754 1416 1822 Sido-

279 1861 367 1925 nium
401 1863 509 1948 ipsum
544 1885 642 1926 carm.
668 1864 718 1943 ll,
742 1864 760 1926 6
785 1862 888 1947 (551),
910 1884 1004 1946 quem
1027 1860 1135 1926 locum
1165 1860 1415 1926 Heidemannns

279 1965 313 2028 in
335 1963 441 2029 lexico
465 1964 645 2030 Klotziano
669 1989 742 2030 cum
754 1964 818 2030 boc
835 1988 929 2050 quem
947 1971 1124 2029 tractemus
1140 1988 1205 2029 non
1219 1973 1308 2028 recte
1328 1987 1417 2028 com-

279 2075 385 2154 peret,
408 2074 441 2131 ct
464 2068 515 2150 22,
539 2069 601 2131 212
625 2068 729 2154 (572).
764 2070 880 2153 Itaque
903 2069 1011 2155 potuit
1036 2069 1107 2133 sine
1131 2068 1230 2133 dubio
1255 2063 1416 2132 Sidonius

280 2170 334 2235 hic
367 2170 481 2236 eodem
515 2170 611 2236 modo
646 2193 788 2236 mensem
825 2195 1075 2236 commemorare
1109 2179 1203 2254 etque
1235 2195 1286 2256 ep.
1311 2169 1368 2234 III
1395 2173 1416 2234 3

281 2275 377 2358 (260)
402 2296 471 2338 cum
496 2275 558 2338 tili
581 2295 644 2336 uou
668 2276 763 2339 daret
787 2285 833 2338 tot
851 2299 966 2362 pupae
983 2279 1172 2361 sociosquot
1196 2276 1295 2336 solet
1317 2276 1415 2334 mea-

280 2401 321 2442 se
345 2381 539 2458 conuiuae,
563 2377 660 2442 immo
684 2378 786 2443 multo
809 2379 907 2443 etiam
930 2379 1048 2465 aptius.
1096 2376 1185 2441 Solet
1216 2377 1243 2440 si
1267 2375 1414 2460 scripsit,

281 2485 499 2546 conuenientes
533 2503 697 2546 mensurae
731 2481 816 2545 dixit
848 2483 932 2546 inter
962 2505 995 2547 se
1025 2495 1252 2567 congruentes
1305 2479 1345 2542 In
1375 2502 1415 2541 ea

280 2608 375 2670 (preren
410 2585 515 2649 solem
547 2585 667 2670 probat
690 2581 886 2650 Sirmondus
919 2586 1060 2652 lectione
1084 2584 1147 2649 boc
1171 2583 1212 2648 ad
1235 2581 1414 2647 caldarium

223 2759 225 2764 ,
282 2711 347 2753 non
371 2689 468 2754 facile
491 2690 639 2754 refertur.

386 2791 449 2856 itt.
494 2791 672 2856 Peudeutie
695 2792 727 2856 A
751 2800 784 2856 et
805 2793 836 2858 11
857 2801 946 2857 recte
978 2799 1160 2871 servarunt,
1179 2791 1352 2876 pendentes
1380 2788 1413 2850 in

283 2895 317 2960 11
333 2895 405 2960 Vh
428 2904 480 2958 est
501 2896 649 2979 idemque
674 2895 707 2958 in
731 2895 874 2960 editione
900 2893 1095 2958 Wouwerii.

387 2999 450 3064 110.
485 3001 740 3085 &respicientium
756 3020 793 3060 cx
813 2999 844 3061 A
862 2997 936 3063 etR
953 2998 1084 3083 scripsi,
1097 3021 1161 3060 non
1175 2998 1413 3080 suspicientum.

1409 3231 1416 3253 ,

387 3290 450 3376 Ep.
476 3289 511 3353 11
536 3295 554 3351 2
579 3290 680 3374 (212).
715 3285 803 3352 Huic
826 3287 979 3351 basilicae
1002 3289 1199 3372 appendia·
1219 3290 1348 3372 piscina
1361 3290 1417 3375 fo·

288 3399 429 3458 riumrus
453 3415 516 3472 eurr,
539 3396 569 3455 si
589 3395 744 3477 praecari
765 3395 878 3470 atacis,
904 3393 1133 3477 baptisterium
1156 3391 1195 3454 ab
1220 3393 1344 3454 orr'eute
1364 3412 1415 3454 co-

288 3505 475 3576 nectitur,
498 3497 582 3580 quod
604 3498 726 3579 cipiati
744 3498 876 3558 circiter
893 3497 1076 3558 maalmam
1092 3496 1186 3558 ⁴rm'lia
1212 3497 1309 3578 capit.
1346 3495 1417 3556 Huc

287 3605 382 3666 elutis
405 3623 420 3663 e
444 3602 550 3663 calore
574 3601 773 3683 uenientibus
798 3602 917 3685 triplae
939 3601 1040 3663 medii
1061 3600 1205 3682 parietis
1229 3599 1337 3661 aditus
1357 3618 1417 3681 per

289 3715 425 3769 armmlu
459 3704 635 3766 interualla
670 3714 845 3766 reseratur.
892 3702 959 3768 Nec
989 3705 1078 3788 pilae
1107 3713 1179 3764 iuret
1206 3701 1340 3780 mediae,
1364 3700 1418 3763 scd

289 3811 453 3872 columnae
476 3829 554 3892 quas
577 3807 750 3870 arclritcati
767 3791 946 3894 peritiores
970 3807 1191 3886 aedificiorum
1216 3825 1418 3890 purpurae

290 3933 521 3996 rrrrucupacere.
567 3907 608 3972 Ia
631 3910 713 3974 lrarrc
740 3932 817 3994 erpo
835 3912 1000 3995 piscinam
1013 3908 1190 3992 fluuium
1218 3909 1255 3971 de
1278 3909 1419 3993 superci-

291 4020 334 4080 lio
360 4015 477 4077 rueretis
512 4017 695 4078 elicitum
723 4014 1007 4097 canalibusque
1031 4015 1235 4076 circumactis
1252 4034 1315 4096 per
1338 4023 1419 4074 eule-

290 4123 386 4183 riora
420 4121 606 4182 eiulatu-rice
641 4121 746 4182 latera
781 4128 948 4180 mercatum
970 4139 1023 4180 scu
1047 4117 1180 4198 fistulae
1199 4118 1420 4200 prominentes

293 4226 417 4288 leonum
439 4224 601 4287 simulatis
625 4222 785 4308 capitibus
808 4221 982 4306 effuudmm.
