3186 4900
325 273 366 338 64

282 461 469 527 barbaris
494 462 588 544 filim
617 460 760 525 sublatus
783 470 829 524 est
853 459 992 525 colludio
1007 459 1238 547 factiosorum,
1260 461 1411 526 maluisti

282 573 314 630 et
335 589 367 649 q.
380 587 418 644 e,
442 565 506 629 nisi
530 565 640 650 potius
669 562 846 648 putandum
870 571 921 626 est
944 562 1101 626 nonnulla
1124 564 1156 627 in
1179 564 1286 648 primo
1310 585 1409 627 enun-

282 670 363 731 tiato
399 667 633 752 intercidisse),
668 687 725 730 nec
759 665 823 730 tibi
852 665 961 754 'obfuit
995 671 1073 753 quio
1107 687 1187 731 esses
1217 666 1300 730 liber
1323 679 1408 730 statu

281 768 506 858 (Wonwerius
530 781 649 834 statum
672 767 891 854 lrabet),quod
914 792 986 834 eras
1011 781 1122 854 eaptus
1145 771 1271 856 affeetu,
1296 783 1409 833 contra

280 887 405 960 pentem
418 879 559 940 uicinam
571 873 716 938 validum
733 876 856 937 iratum
868 872 943 952 (hoe
956 895 1029 937 enm
1042 872 1251 957 sequentibus
1275 873 1409 937 coniun-

281 977 423 1063 gendam
456 977 612 1061 videtur).
660 973 738 1040 Cum
772 975 907 1040 Ecdicio
942 973 1085 1062 (Severo
1113 973 1267 1040 Heeditio
1297 975 1408 1059 habet)

280 1101 348 1146 meo
381 1103 457 1144 uou
491 1081 681 1146 audacter
715 1081 860 1166 (mitius
894 1101 1003 1166 quam
1024 1080 1215 1166 feliciter
1239 1078 1331 1142 addit
1351 1078 1409 1142 El-

280 1184 512 1266 menhorstins,
534 1207 600 1247 eoo
622 1206 683 1269 ego
708 1183 878 1247 delendum
903 1186 1036 1267 censeo)
1065 1205 1159 1247 arma
1181 1185 1328 1260 mouisti·
1351 1205 1408 1246 nee

279 1291 401 1352 ueritus
435 1310 477 1368 es,
500 1309 538 1351 uc
553 1287 648 1370 filius
683 1299 753 1352 tuus
787 1291 854 1352 iam
884 1309 988 1374 prope
1015 1290 1152 1368 iuvenis,
1176 1287 1280 1350 adbuc
1306 1309 1408 1372 prope

279 1395 403 1476 runicus,
423 1403 560 1477 propter
582 1392 665 1455 uicti
678 1391 812 1478 fusique
838 1392 939 1455 bostis
963 1395 993 1454 si
1015 1413 1079 1454 noe
1100 1396 1197 1474 iram,
1216 1393 1329 1455 saltem
1358 1413 1408 1455 ue-

280 1496 469 1561 reeundium
486 1497 749 1582 periclitaretur.

382 1805 443 1892 Ep.
467 1806 525 1872 III
549 1807 588 1870 12
612 1805 714 1892 (240).
758 1805 845 1870 Dum
878 1805 1029 1869 dubitent
1055 1809 1092 1868 ia
1121 1806 1255 1868 erimine
1283 1807 1409 1888 reperti

279 1911 503 1976 dilaberentur
538 1934 580 1973 eu
613 1920 749 1990 starent,
773 1921 807 1974 et
836 1913 1015 1996 superveni.
1063 1907 1224 1991 Confiteor
1252 1929 1406 1987 errorem,

279 2014 439 2100 supplicia
462 2026 629 2100 captorum
652 2014 784 2103 differre
806 2033 870 2075 nou
887 2016 999 2098 potui3
1023 2013 1076 2076 sed
1089 2013 1284 2098 supraseuis
1301 2015 1409 2075 nostri

280 2121 404 2201 ipsum
427 2121 628 2205 opertorium
652 2120 737 2181 torsi
759 2121 911 2198 latrones,
930 2129 1082 2205 quesitum
1106 2115 1251 2198 sufficere
1272 2125 1407 2200 posset

280 2225 488 2308 superstitum
511 2243 616 2302 curae,
638 2231 841 2286 mortuorum
864 2224 1044 2286 securitati.

379 2325 444 2390 218.
488 2323 544 2406 Et,
567 2325 655 2408 quod
678 2332 729 2388 est
761 2325 795 2388 in
823 2323 982 2389 AHRZ
1011 2325 1252 2410 (dilaberentur
1281 2335 1316 2387 et
1339 2336 1404 2387 sta·

278 2440 327 2492 ret
351 2441 385 2492 et
408 2430 591 2514 superveni)
609 2427 734 2510 VXY,
753 2427 902 2492 scribunt
920 2424 1046 2491 Severo
1070 2425 1407 2510 Elmenhorstiusque,

278 2533 442 2614 omittunt,
466 2533 552 2597 siout
574 2532 695 2596 faetrrm
719 2532 826 2595 estin
850 2530 882 2596 U
906 2531 1031 2614 codiee,
1055 2531 1153 2596 aeteri
1177 2530 1330 2594 editorem
1366 2531 1406 2595 In

278 2637 309 2701 V
333 2636 458 2700 codicis
482 2636 629 2721 margine
653 2635 783 2699 additor
806 2638 855 2700 oel
883 2657 976 2715 ecoe,
1000 2633 1087 2718 qnod
1111 2634 1222 2698 neseio
1246 2657 1285 2696 an
1311 2657 1407 2718 repo·

279 2740 417 2804 nendum
443 2740 495 2804 sit.
542 2733 605 2802 Ofr
627 2762 709 2824 quae
731 2763 807 2825 pag.
832 2741 872 2803 28
896 2737 964 2802 dixi
988 2738 1027 2801 de
1050 2761 1101 2823 ep.
1125 2738 1143 2802 I
1166 2740 1184 2798 8
1209 2740 1274 2800 ista
1299 2738 1384 2802 baec.

379 2843 444 2907 titt.
487 2839 599 2928 Ipsum
630 2850 704 2906 ante
733 2847 817 2906 senis
846 2842 1027 2906 collocatur
1060 2841 1094 2903 in
1117 2839 1300 2905 Wouwerii
1337 2838 1407 2904 Sir-

279 2947 387 3010 mondi
411 2946 532 3032 Mignii
556 2946 668 3010 Bereti
691 2945 907 3023 editionibus3
930 2968 991 3032 ego
1014 2967 1206 3032 quamquem
1231 2965 1294 3007 non
1319 2966 1404 3028 nego

278 3051 363 3116 hune
386 3050 534 3115 ordinem
558 3050 677 3114 habere
700 3072 764 3134 quo
789 3049 1042 3130 commendetur,
1059 3048 1170 3113 AHV
1190 3049 1279 3133 sequi
1297 3048 1406 3112 malni.

379 3155 444 3219 tte.
488 3152 603 3217 Posset
626 3177 665 3216 ex
688 3153 810 3218 AHV
835 3153 965 3238 scripsi,
989 3153 1075 3217 sicut
1098 3149 1299 3216 Wouverius
1318 3155 1406 3238 (pos-

278 3259 362 3345 sent)
386 3254 512 3321 Severe
539 3255 820 3326 Elmenhorstius:
855 3257 953 3320 ceteri
978 3260 1085 3341 possit
1109 3255 1239 3336 hebent,
1262 3255 1349 3340 quod
1373 3257 1405 3320 in

278 3363 310 3427 V
334 3361 425 3447 prins
450 3361 610 3446 seriptum
634 3359 705 3423 fnit.

380 3668 443 3760 Ep.
467 3667 524 3738 ΙΙΙ
549 3671 587 3738 12
611 3671 716 3760 (241).
763 3670 828 3739 Sed
855 3673 927 3738 eide
953 3687 989 3738 ut
1017 3674 1135 3738 uitium
1156 3693 1221 3736 uon
1235 3672 1348 3762 faciat
1370 3673 1406 3736 io

278 3798 441 3844 rrtermore
466 3777 712 3865 lapidicida3
741 3779 825 3866 quod
838 3779 968 3866 factum
991 3782 1056 3844 siue
1081 3777 1119 3842 ab
1143 3779 1320 3854 industria,
1345 3800 1405 3841 seu

275 3905 336 3970 per
360 3885 523 3947 incuriam
545 3883 643 3946 otili
666 3905 722 3947 ma
730 3887 771 3970 pi
779 3906 792 3947 s
810 3903 904 3967 quam
921 3883 1138 3968 quadratario
1163 3883 1282 3946 liuidus
1307 3883 1406 3946 lector

280 3986 467 4050 ascribet.
513 3984 585 4072 Epo
617 4007 703 4068 uero,
739 3992 768 4050 si
796 3989 854 4072 pio
879 3987 985 4050 studio
1015 3997 1134 4070 repete
1158 3987 1334 4064 curaoeris,
1360 3987 1406 4047 sic

280 4113 375 4176 apum
397 4091 536 4176 pretias,
561 4094 654 4174 quasi
676 4093 726 4154 nil
750 4091 812 4155 tibi
834 4110 954 4175 quoque
979 4089 1086 4154 laudis
1104 4099 1160 4152 aut
1175 4091 1303 4174 ploriae
1321 4111 1406 4154 acoe-

280 4196 347 4275 dat,
371 4215 461 4281 quem
479 4204 602 4280 patruo
627 4207 692 4275 tue,
715 4195 757 4258 tcl
784 4207 839 4257 est
862 4215 925 4273 me,
950 4205 1071 4256 remoto
1096 4193 1202 4256 solide
1219 4196 1405 4278 praesentis

279 4299 381 4386 officii
403 4298 587 4362 sollicitudo
611 4301 780 4362 mansisset
801 4317 862 4383 pro
885 4296 993 4381 produ
1017 4299 1157 4360 seminis.
