3172 4908
339 202 379 266 26

398 391 443 454 80.
489 390 730 456 Eaauctoratus
754 391 848 454 unius
872 393 939 454 t'ere
960 391 993 454 A
1016 390 1141 456 codicis
1162 393 1355 456 auctoritate
1373 395 1421 458 ni-

297 493 386 574 titur,
410 516 482 558 nam
506 494 540 557 in
563 494 597 558 H
626 495 829 559 correctione
865 503 981 575 ortum,
1007 495 1041 558 in
1075 495 1160 560 Fin
1194 497 1340 582 margine
1367 497 1421 562 ad-

298 597 456 682 scriptum
471 604 536 675 est3
556 597 590 660 in
605 597 842 662 recentioribus
858 597 951 663 libris
975 598 1001 661 Z
1015 598 1034 662 b
1047 596 1080 662 Y
1095 598 1202 662 Paris.
1217 601 1312 681 2170,
1326 602 1418 682 2782,

297 701 377 764 9551
418 707 586 786 receptum
613 709 679 781 est,
714 701 747 764 in
772 700 797 763 Z
826 710 933 765 tamen
962 712 1166 766 mactaretur
1194 712 1255 784 est,
1277 707 1366 787 quod
1387 704 1420 768 in

296 803 330 867 H
353 802 477 868 codicis
500 803 645 890 margine
668 803 746 868 vidi.
776 801 842 868 Sed
866 827 977 868 verum
1000 805 1070 868 sine
1087 805 1187 870 dubio
1205 813 1257 870 est
1274 820 1440 871 cucurta-v

297 917 398 986 ratus,
432 905 521 990 quod
556 903 681 970 Savaro
716 906 872 972 defendit.
918 907 1144 972 Euauctorare
1173 918 1259 994 apte,
1288 919 1323 973 ot
1346 910 1420 974 aliis

296 1009 391 1090 locis,
413 1009 453 1074 de
476 1007 634 1074 Arvando
657 1009 788 1091 dicitur,
811 1012 866 1094 qui
894 1011 1092 1096 ignominiae
1115 1035 1213 1076 causa
1235 1014 1421 1079 removeba-

296 1121 363 1191 tur3
387 1114 493 1182 atriu
515 1114 630 1199 primis
653 1116 761 1178 Amm.
790 1115 940 1178 Marcell.
964 1115 1033 1180 XV
1059 1120 1086 1196 l,
1110 1117 1128 1177 2
1153 1117 1243 1180 cuius
1268 1117 1420 1201 (impera-

296 1216 391 1301 toris)
426 1228 506 1279 autu
538 1219 575 1279 s'a
601 1218 729 1281 ‘tardum
755 1221 987 1303 prepariorum
1020 1221 1160 1283 militum
1185 1223 1259 1284 licat
1282 1221 1421 1285 diuersis

297 1319 492 1404 temporibus
514 1321 576 1384 duo
600 1325 803 1384 seauctorata'
829 1337 903 1386 suat
923 1325 1093 1407 principes
1116 1322 1198 1407 (vid.
1213 1322 1347 1389 Handb.
1364 1324 1422 1388 der

271 1426 374 1486 ·rbm.
398 1422 540 1487 Alterth.
563 1445 628 1487 von
657 1424 852 1506 Marquardt
880 1424 945 1488 und
972 1425 1158 1490 Mommsen
1182 1426 1224 1491 V.
1247 1450 1323 1512 pag.
1347 1429 1420 1507 449,

296 1526 406 1590 adnot.
430 1528 476 1610 2).
499 1526 545 1590 Et
566 1526 684 1612 potnit,
707 1535 742 1590 ut
764 1527 871 1590 Amm.
884 1527 1033 1592 Marcell.
1046 1528 1151 1593 XXV
1170 1531 1199 1610 3,
1227 1529 1264 1591 10
1286 1530 1318 1592 in
1343 1530 1420 1593 noni

296 1630 418 1695 saeculi
442 1629 555 1694 codice
578 1630 754 1712 Vaticano,
778 1631 878 1696 scribi
906 1644 1146 1715 exauctoratur,
1169 1657 1208 1698 ox
1236 1655 1300 1716 quo
1324 1633 1421 1699 facile

295 1734 417 1798 factum
434 1741 484 1797 est
501 1745 729 1818 aucuparetur.
760 1731 836 1798 Hoc
865 1757 954 1816 vero,
970 1735 1057 1817 quod
1081 1744 1131 1800 est
1152 1737 1186 1800 in
1209 1736 1328 1801 HRV
1344 1735 1421 1801 UN
1447 1803 1450 1808 Δ

295 1836 403 1901 FPL
426 1836 533 1900 Paris.
560 1837 643 1900 2783
680 1842 713 1900 et
735 1838 769 1900 in
793 1836 992 1901 editionibus
1017 1835 1184 1902 Sirmondi
1206 1839 1329 1925 Mignii
1357 1839 1422 1902 Ba-

295 1941 367 2022 reti,
390 1963 466 2004 num
489 1939 530 2004 de
552 1939 711 2005 militibus
734 1939 1024 2024 magistratibusve
1047 1940 1112 2006 dici
1129 1943 1238 2027 possit
1252 1934 1348 2006 valde
1364 1942 1422 2005 du·

294 2044 463 2110 bitandum
485 2051 545 2108 est.
589 2043 641 2107 Ao
664 2065 703 2106 ne
726 2045 954 2128 a'aaupuraada'
974 2043 1104 2129 quidem
1128 2047 1225 2110 verbo
1250 2045 1299 2110 sic
1327 2054 1421 2109 utun·

294 2158 347 2213 tur
369 2148 548 2233 scriptores
571 2146 675 2210 latini.

396 2252 441 2316 81.
485 2234 593 2314 Sicuti
626 2271 666 2314 ex
699 2248 869 2314 codicibus
897 2249 1094 2315 AHbVF
1123 2251 1255 2338 scripsi,
1280 2254 1364 2316 siout
1386 2253 1420 2316 iu

292 2352 492 2419 editionibus
515 2361 575 2417 est.
975 2421 977 2425 y

395 2459 440 2522 82.
490 2459 669 2522 Lautumias
695 2477 711 2518 o
734 2456 863 2519 litterae
886 2457 1112 2541 superscripto
1125 2460 1174 2522 cel
1195 2482 1217 2521 u
1238 2459 1271 2522 in
1286 2460 1329 2539 A,
1347 2462 1416 2524 lau-

294 2564 405 2626 tumiis
428 2562 462 2625 in
495 2560 689 2626 HbVFL
724 2560 883 2643 scriptum
905 2567 966 2624 est.
1012 2559 1052 2622 In
1081 2561 1113 2623 A
1142 2567 1175 2624 et
1196 2561 1231 2625 H
1254 2569 1287 2624 et
1308 2561 1343 2624 in
1366 2585 1421 2626 co-

293 2664 366 2730 dice
389 2662 511 2730 Ortelii
536 2665 600 2750 (cfr
623 2663 699 2727 edit.
722 2661 944 2726 Elmenhorst.
969 2687 1045 2748 pag.
1070 2651 1146 2748 497)
1171 2663 1281 2743 ZbF,
1299 2687 1365 2728 non
1387 2665 1421 2728 in

293 2769 324 2834 rt
336 2769 366 2834 V
381 2767 413 2832 U
426 2769 466 2849 L,
485 2768 565 2832 haec
583 2769 616 2831 in
639 2766 786 2853 margine
810 2766 934 2852 scripta
957 2773 1033 2829 sunt
1056 2767 1267 2851 (compendia
1289 2775 1322 2830 et
1343 2767 1422 2830 talia

293 2895 358 2936 nou
392 2871 604 2952 exscribam:
642 2869 852 2934 Lautuma'um
876 2871 1031 2954 supplicii
1057 2891 1155 2952 penas
1179 2870 1222 2932 ad
1245 2871 1418 2934 uerberau-

293 2978 368 3040 dum
391 2987 502 3060 aptum
524 2978 687 3036 incautum
711 2997 730 3035 a
751 2969 938 3058 ⁵Tarquinio
962 2969 1108 3056 Superbo
1136 2974 1195 3058 (cd
1222 2996 1297 3036 mom
1325 2976 1418 3037 scela-

292 3091 442 3143 ratorum
463 3079 496 3141 in
519 3077 554 3141 H
576 3075 735 3160 additur).
764 3071 851 3137 Num
873 3077 920 3138 sio
944 3077 1064 3160 lapitas·
1086 3079 1122 3138 a'u
1146 3074 1284 3139 Eusebio
1310 3097 1422 3139 croao-

292 3183 429 3268 propte.
468 3178 668 3266 Tarquinius
692 3177 856 3263 Superbus
874 3175 941 3242 Vll
963 3198 1045 3241 auao
1063 3199 1118 3242 suo
1142 3183 1276 3264 imperat
1298 3182 1422 3266 eucapi-

294 3288 378 3349 tam't
400 3283 507 3348 cimela
530 3285 645 3368 (aliter
667 3284 797 3345 uincula
820 3281 853 3344 in
875 3279 909 3344 H
933 3279 1079 3366 additur)
1096 3293 1211 3345 taurea
1225 3287 1334 3370 fustes
1353 3287 1420 3364 lau-

294 3391 411 3454 tumias
447 3387 608 3472 compedes
638 3396 765 3449 catenus
793 3386 894 3448 sallia
916 3387 1058 3449 metalla.
1103 3385 1239 3451 Dicitur·
1262 3399 1367 3452 autam
1391 3403 1420 3452 at

294 3492 487 3558 lautumium
521 3491 673 3554 lautumis'
696 3500 725 3552 et
749 3490 924 3552 lautumiae
949 3488 1190 3553 lautumiarum.
1229 3489 1294 3554 Illa
1317 3491 1422 3555 forma

293 3592 537 3680 lexicographis
561 3592 674 3678 ignota
697 3599 756 3656 est.

396 3698 441 3761 83.
486 3697 526 3760 In
555 3695 701 3779 sequenti
730 3693 890 3759 sententia
918 3715 979 3780 pro
1014 3706 1045 3758 et
1069 3691 1281 3760 Wouwerius
1309 3704 1342 3760 et
1373 3696 1422 3759 in-

293 3813 343 3869 ter
365 3800 465 3866 verba
500 3798 672 3884 scriptoris
701 3805 734 3861 et
760 3799 793 3860 in
817 3796 1028 3862 adnotatione
1056 3809 1092 3861 ut
1120 3798 1266 3883 scripsit,
1297 3799 1420 3862 variam

294 3905 382 3970 Vict.
407 3900 590 3989 (Victorini
613 3901 755 3965 fortasse
773 3900 912 3982 codicis)
937 3900 1111 3965 lectionem
1132 3900 1240 3964 adfert
1262 3901 1317 3964 sed
1341 3924 1419 3966 cum.

292 4008 374 4074 Rem
397 4004 648 4070 commemoravi
670 4003 880 4084 levissimam,
903 4003 980 4088 quia
1006 4003 1041 4065 iu
1064 4003 1095 4066 A
1120 4014 1150 4066 et
1173 4025 1210 4066 ex
1234 4017 1281 4084 ut,
1303 4003 1338 4066 ni
1361 4003 1420 4067 fal-

294 4111 355 4192 lor,
380 4116 562 4174 correctum
585 4115 645 4171 est.
689 4106 765 4171 Hoc
788 4115 896 4170 tamen
912 4105 1118 4170 scribendum
1135 4127 1206 4170 esse
1223 4107 1419 4191 negaverim.

396 4212 442 4276 84.
489 4210 732 4274 Hebdomadam
766 4209 886 4295 scripsi
921 4231 959 4272 ex
998 4208 1164 4291 AHbV,
1204 4209 1421 4275 hebdomadem
