3186 4900
1247 281 1287 343 75

301 467 364 553 Ep.
388 466 440 532 IV
465 468 504 531 13
527 467 631 554 (297).
668 466 734 532 ibb.
779 467 832 531 De
855 465 963 532 Vectio
986 466 1061 533 vide
1084 489 1166 551 quae
1188 466 1330 532 diximus

199 593 275 656 pag.
299 570 339 632 tu
362 569 402 634 de
425 593 476 656 ep.
500 570 551 635 IV
574 571 593 633 9
623 570 765 636 Vectio.

302 667 417 756 Nuper
444 683 563 758 rapoto
587 667 778 738 Germanici
805 673 989 758 spectabilis
1012 675 1082 738 uiri
1107 675 1333 739 Cantillen-

200 795 274 840 sem
296 777 461 840 ecclesiam
482 777 619 861 inspeci.
667 773 726 839 list
750 778 818 861 epse
843 777 924 840 loco
949 779 1118 841 sitorum
1132 779 1238 861 facile
1255 780 1331 863 pri·

200 899 268 942 mus
282 880 395 966 quique
406 889 483 962 post
502 889 628 963 tcrpuoc
646 900 714 942 cum
730 881 798 942 iam
808 879 976 944 duodecim
994 881 1099 944 lustra
1117 884 1332 962 transmittat,

203 982 320 1046 cotidie
344 993 450 1045 tamen
466 981 579 1046 babitu
596 984 741 1066 cultuque
762 986 931 1068 conspicuo
949 1005 1013 1046 uon
1029 984 1204 1047 iuvenescit
1221 983 1333 1063 coium,

202 1087 256 1150 ceci
273 1086 410 1172 quodam
425 1086 518 1150 modo
537 1089 749 1170 repuerascit.
780 1085 954 1150 Enimuero
973 1088 1071 1150 ccctis
1094 1089 1244 1167 astricta,
1267 1099 1334 1150 tea·

203 1211 254 1254 sus
277 1200 438 1268 coturnus,
463 1191 564 1253 crinis
582 1191 618 1252 in
635 1199 727 1252 rotae
747 1193 939 1275 specimen
959 1191 1091 1269 accisus,
1116 1188 1219 1253 barba
1240 1191 1335 1253 iutra

203 1315 361 1379 cccccccccc
395 1292 538 1357 latebras
571 1294 685 1358 mercis
713 1292 755 1355 ad
785 1304 885 1356 cutem
915 1303 1000 1356 secto
1018 1293 1269 1380 forpicibus3
1291 1293 1334 1357 ad

205 1399 263 1461 boc
285 1406 316 1461 et
337 1419 467 1460 munere
490 1418 626 1482 superno
643 1396 858 1461 membrorum
876 1396 981 1460 solido
1001 1398 1194 1477 coniunctio,
1209 1400 1336 1480 inteper

204 1504 300 1579 uisus,
336 1502 460 1585 amplus
494 1501 529 1562 in
557 1502 655 1586 celeri
680 1520 809 1583 pressus
837 1502 970 1580 incessu,
999 1502 1209 1585 incorruptae
1233 1500 1337 1564 lactea

206 1604 350 1668 cientium
374 1624 523 1689 compape
546 1605 711 1689 piupioae.

308 1707 373 1772 tul.
419 1704 634 1771 Cantiieusem
655 1706 689 1768 in
710 1706 743 1769 A
757 1712 790 1770 ei
805 1705 838 1772 V
855 1705 1013 1792 scriptum
1036 1712 1097 1787 esi,
1119 1705 1153 1769 in
1174 1705 1208 1769 A
1229 1712 1337 1770 tamen

207 1809 296 1873 aliud
309 1812 414 1895 ipost¹
425 1807 588 1886 additum
605 1808 639 1872 in
651 1806 696 1889 H,
713 1808 747 1872 ni
766 1807 875 1888 fallor,
887 1816 938 1872 est
952 1809 1190 1873 Cantillensem.
1213 1807 1339 1873 liccem

206 1911 347 1976 tioribus
379 1911 509 1996 quidem
537 1910 739 1996 temporibus
770 1908 916 1977 Cantilia
949 1912 1108 1997 scriptum
1136 1911 1275 1992 videtur,
1299 1933 1338 1976 ex

207 2014 320 2080 tabula
351 2014 606 2100 Peutingeriana
636 2012 783 2080 Cantilia
813 2013 968 2079 adfertur.
1008 2011 1107 2096 ¹Quam
1135 2021 1339 2079 tamencum

209 2117 306 2182 tertio
340 2117 466 2182 decimo
501 2117 631 2183 saeculo
661 2118 705 2182 sii
735 2119 895 2200 coniecta,
923 2140 989 2181 non
1011 2117 1133 2182 maiore
1154 2117 1219 2182 fide
1241 2116 1341 2203 digna

209 2228 261 2284 est
282 2242 378 2304 quam
400 2221 516 2307 optimi
541 2218 671 2286 Sidonii
694 2221 836 2287 codices,
881 2221 934 2286 Ex
955 2220 1074 2305 quibus
1100 2218 1262 2286 Cantilius
1281 2243 1339 2284 no·

209 2343 283 2386 men
305 2345 376 2386 mea
400 2323 561 2388 sententia
584 2324 714 2389 facilius
737 2325 878 2390 efficitur
900 2346 996 2408 quam
1021 2324 1177 2390 Cantilia.

311 2425 377 2491 ibi.
421 2427 506 2490 Loco
536 2430 776 2512 positorum,
804 2449 871 2492 non
898 2430 1037 2491 sitorum
1063 2437 1083 2491 a
1109 2423 1247 2491 Sidonio
1274 2425 1343 2492 dio-

211 2539 279 2595 tum
302 2529 485 2615 putaverim
508 2529 594 2594 sicut
616 2552 667 2615 ep.
691 2530 709 2594 Ι
731 2533 750 2596 5
774 2531 868 2616 (182)
892 2529 1012 2594 Romae
1029 2533 1158 2616 positus
1174 2537 1207 2592 et
1223 2528 1343 2593 similia

211 2634 286 2698 aliis
308 2632 404 2697 locis.

313 2735 380 2803 ibi.
425 2736 467 2801 Iu
489 2744 580 2799 rotae
609 2739 765 2822 specimen
793 2759 869 2800 uum
897 2759 1009 2800 verum
1032 2735 1077 2800 sit
1112 2734 1261 2819 equidem
1285 2735 1342 2799 du·

212 2841 293 2922 bita,
306 2839 454 2924 quamvis
472 2838 518 2902 ita
530 2839 570 2904 ab
583 2840 733 2905 omnibus
751 2839 866 2904 edatur
879 2847 912 2904 et
923 2839 956 2903 in
970 2838 1141 2904 codicibus
1158 2836 1341 2904 HRZVU

212 2943 346 3030 (sz
380 2931 513 3028 specim)
536 2943 708 3008 scribatur.
752 2943 868 3027 Neque
891 2943 977 3008 enim
999 2946 1156 3028 specimen
1179 2941 1339 3006 hocloco

213 3053 326 3132 aptum
359 3053 450 3131 puto.
500 3046 545 3111 Et
576 3047 611 3110 in
634 3047 667 3111 A
695 3034 813 3133 specim
845 3067 939 3112 erasa
972 3054 1047 3110 ante
1072 3068 1105 3109 m
1137 3067 1201 3110 uua
1229 3045 1340 3110 littera

215 3147 374 3234 scripturn
403 3155 464 3229 est,
491 3148 525 3211 in
547 3149 584 3214 X
606 3161 703 3235 spem.
747 3149 837 3230 Fuit,
860 3149 893 3213 ni
918 3148 1025 3232 fallor,
1048 3150 1081 3214 in
1103 3149 1136 3213 A
1158 3153 1265 3236 speci
1273 3171 1340 3230 era,

214 3251 303 3336 quod
325 3251 439 3315 melius
463 3260 523 3315 est.

318 3355 382 3420 tul.
425 3353 620 3442 Forpicibus
649 3379 688 3420 ex
716 3357 749 3421 A
776 3365 809 3421 et
835 3358 869 3422 H
898 3358 1028 3445 scripsi,
1061 3380 1127 3422 uon
1153 3357 1343 3442 forcipibus,

215 3457 303 3544 quod
336 3466 387 3556 est
417 3459 451 3522 in
479 3459 521 3523 V.
568 3453 630 3524 Cfr
657 3483 739 3544 quae
767 3463 885 3548 pag.4
913 3461 953 3526 de
983 3485 1033 3548 ap.
1079 3461 1139 3526 12
1153 3460 1343 3548 forpicibus

217 3562 414 3627 dictasunt.

320 3872 383 3957 Ep.
408 3871 459 3937 IV
486 3875 522 3936 lb
546 3873 650 3959 (294).
697 3872 839 3958 Epulum
867 3876 1035 3958 caultipiec
1070 3885 1100 3938 et
1135 3878 1348 3958 capacissima

220 3979 421 4042 lectisternia
437 3997 536 4061 paro.
562 3975 724 4041 Plurimis
747 3978 820 4054 aiis,
838 3977 990 4062 pluribus
1016 3978 1122 4041 turbis
1146 4017 1182 4025 —-
1207 3982 1268 4042 ita
1292 3978 1349 4041 bo-

218 4101 356 4144 noram
381 4079 636 4143 contubernio
666 4080 768 4143 sedit
802 4117 843 4128 --
877 4081 919 4142 od
945 4091 973 4142 te
997 4084 1137 4160 venitur,
1162 4083 1277 4168 quippe
1298 4085 1350 4146 si-

219 4185 295 4248 mui
328 4182 473 4246 cornibus
501 4195 621 4269 tempus
645 4183 777 4259 futurae
806 4182 1022 4247 dedicationis
1050 4186 1218 4248 inclaruit.
1264 4181 1350 4248 Nom

221 4289 463 4368 baptisterium,
503 4288 586 4373 quod
631 4290 709 4352 olim
738 4286 1016 4371 fabricabamini,
1056 4288 1201 4353 scribitis
1237 4310 1350 4375 posse
