3186 4900
1192 275 1251 339 lll

168 461 436 524 declamationum
470 473 599 524 tuarum
633 460 760 524 ecbede'o
795 463 945 525 55155511.
992 459 1057 541 Qui
1078 463 1182 525 rodun
1205 461 1296 524 nobis

169 575 263 646 atque
297 565 415 648 oppido
448 563 696 649 ploru'nbundun,
724 565 841 648 quippe
866 568 1028 651 perceptis
1057 566 1298 628 5155155151-

170 666 236 747 bus,
254 667 404 750 quicquid
428 667 587 731 detulerat
611 689 800 753 quamquam
823 669 965 731 mereare·
982 669 1229 754 por·ete's(quod
1251 681 1298 732 to-

170 791 250 850 men,
275 774 383 833 55155
407 791 473 833 nec
496 783 595 850 erat,
618 771 790 851 15155155)
809 792 872 856 pro
897 792 1024 835 munere
1047 775 1193 858 inposuit.
1239 769 1299 834 Cn-

171 893 227 935 rae
250 872 371 936 5511515
394 875 531 956 55511915
545 876 618 959 fuit
641 874 770 957 linque
793 874 1088 958 obtundentem
1104 875 1298 938 5155115155-

173 978 357 1053 turirernue,
377 978 525 1062 plurimo
550 987 691 1056 tenere,
715 987 828 1040 cuncta
852 977 1140 1041 transcribere.

276 1114 340 1179 381.
386 1113 539 1200 officione
574 1113 689 1178 melius
724 1121 811 1178 certe
834 1121 885 1177 est
912 1136 1008 1198 quam
1037 1113 1190 1201 officione,
1214 1111 1301 1196 quod

172 1218 205 1280 in
236 1215 434 1281 editionibus
457 1216 631 1280 invenitur.
676 1216 752 1281 Hoc
775 1216 807 1279 15
833 1214 1002 1281 codicibus
1035 1215 1194 1281 AHRZ
1229 1237 1301 1280 esse

173 1321 237 1384 iam
260 1317 328 1382 dixi
352 1342 426 1405 pag.
451 1321 490 1382 47
517 1321 581 1404 (ep.
604 1318 643 1383 II
666 1320 685 1381 2
698 1320 777 1404 fors
791 1318 897 1404 fetat).

278 1455 341 1520 882.
388 1454 486 1520 Cuius
520 1477 575 1518 neo
609 1467 680 1519 eret
715 1477 781 1518 non
803 1454 927 1519 minore
951 1454 1071 1540 scripsi
1094 1453 1303 1534 confidentia;

176 1558 208 1622 id
232 1559 266 1622 in
288 1557 450 1623 AHRZ
478 1565 641 1644 repertum
671 1555 904 1622 aWouwerio
938 1557 1028 1621 nulla
1061 1556 1217 1622 adnotata
1238 1556 1304 1621 lec·

175 1661 300 1724 tionum
334 1660 492 1724 varietate
526 1660 693 1725 scribitur.
739 1660 774 1724 Is
809 1669 884 1725 ante
919 1663 1007 1725 55155
1029 1683 1094 1724 555
1128 1660 1224 1745 ponit
1255 1658 1305 1723 di-

177 1763 369 1850 stinguendi¹
400 1771 526 1846 notam,
560 1763 639 1828 mihi
673 1763 725 1828 his
760 1763 868 1828 verbis
904 1767 992 1828 55155
1025 1785 1082 1828 555
1114 1774 1187 1827 eret
1219 1762 1305 1828 idem

178 1866 244 1930 dici
267 1866 395 1930 videtur
417 1875 513 1950 atque
536 1871 603 1931 5155
627 1869 711 1931 enirn
734 1889 798 1930 555
821 1877 902 1930 erat.
948 1859 1192 1931 Conferendum
1223 1873 1305 1951 puto

178 1962 251 2033 Cic.
274 1967 329 2031 off.
354 1968 372 2032 Ι
394 1969 445 2051 31,
473 1970 532 2034 113
555 1980 589 2034 51
611 1968 709 2050 Α155,
733 1991 803 2054 qno
828 1972 957 2033 animo
983 1969 1177 2048 traditur,
1199 1969 1306 2031 5111155

179 2083 327 2159 oppetere
360 2084 496 2135 mortem
529 2095 623 2159 quom
651 2075 712 2137 1115
735 2076 868 2157 perpeti
894 2073 1061 2136 metuisset
1083 2079 1116 2134 et
1136 2091 1219 2154 quae
1242 2068 1307 2134 alia

180 2173 339 2238 eiusmodi
362 2197 428 2238 non
450 2198 556 2260 pauca
578 2199 597 2239 a
619 2175 840 2261 grammaticis
864 2173 1064 2238 adferuntur.
1109 2173 1180 2237 Iam
1198 2171 1307 2237 videa-

179 2300 250 2342 mus
275 2277 489 2363 corruptelas.
534 2278 587 2342 Ex
609 2278 716 2343 Paris.
741 2280 835 2360 2182,
860 2275 1229 2359 2183,1449οΒ555155
1252 2274 1308 2339 ad·

181 2387 276 2444 notat
297 2381 381 2465 quod
405 2392 510 2443 tamen
534 2383 644 2463 51515,
667 2403 723 2444 555
746 2394 819 2444 eret
842 2385 1009 2462 totnstnrn,
1032 2401 1072 2443 ex
1095 2379 1122 2443 P
1146 2388 1179 2442 et
1201 2377 1308 2442 Paris.

181 2486 263 2548 9551
300 2484 383 2569 quod
418 2495 523 2548 temere
555 2495 596 2546 nt
631 2487 1109 2566 51515,5555551151551555,·
1134 2480 1310 2566 hoc,quod

180 2610 221 2650 ex
241 2585 301 2650 illa
332 2585 474 2650 lectione
508 2575 690 2650 correctum
718 2586 856 2668 videtur,
886 2594 1080 2673 receperunt
1104 2581 1310 2649 855555111-

180 2689 473 2774 menhorstiusque.
519 2685 714 2755 Sirmondus
747 2693 912 2770 utrivis,
944 2699 981 2753 ut
1003 2687 1141 2769 videtur,
1169 2685 1312 2752 coniecit

180 2792 246 2878 (cfr
267 2791 407 2878 gallicae
432 2792 591 2857 versionis
615 2801 692 2857 tom.
716 2793 755 2859 ΙΙ
778 2817 853 2881 pag.
872 2795 962 2878 496),
985 2791 1019 2856 id
1042 2789 1311 2876 habetMignius,

180 2898 215 2960 in
237 2895 381 2959 editione
403 2895 480 2959 anni
506 2897 587 2959 1652
611 2897 676 2961 alia
698 2897 796 2962 lectio
820 2905 884 2962 est:
919 2898 1002 2986 quod
1026 2909 1131 2961 tomen
1153 2897 1311 2980 ute'le'ue,

182 3021 239 3063 nee
260 3011 332 3062 erat
355 3002 521 3063 15155155.
551 2995 655 3082 Quae,
678 3023 716 3065 ea
733 3022 861 3087 quoque
880 3002 1077 3083 coniectura,
1094 3009 1249 3086 quantum
1267 3001 1314 3064 vi-

183 3101 255 3184 deo,
278 3110 418 3188 reperta,
441 3102 592 3168 eBareto
615 3112 749 3190 recepta
771 3113 909 3170 estete
930 3105 1061 3194 gallicis
1078 3104 1313 3190 interpretibus

185 3206 233 3270 sic
255 3207 416 3270 redditur:
440 3207 463 3270 il
486 3228 569 3270 nous
593 3230 631 3272 en
652 3209 692 3271 'fit
713 3212 860 3294 present,
884 3232 920 3274 ce
943 3210 1009 3295 qui,
1026 3209 1070 3274 du
1092 3217 1189 3291 reste,
1212 3207 1314 3273 valait

185 3311 260 3376 bien
293 3313 398 3376 mieux
433 3322 465 3377 et
497 3316 610 3379 n'e'tait
641 3315 737 3402 point
768 3315 900 3402 injuste.
945 3315 1069 3381 Verum
1097 3335 1150 3379 res
1174 3313 1313 3377 furtivas

185 3415 320 3480 mercari
344 3438 404 3480 nec
428 3415 540 3481 utilius
563 3427 614 3482 est
636 3418 837 3498 neciustius
860 3441 956 3504 quam
978 3440 1039 3505 pro
1063 3439 1193 3482 munere
1209 3416 1314 3481 invito

186 3525 332 3610 ingestas
367 3530 484 3585 tenere.
529 3521 606 3586 Hoc
642 3521 789 3586 addoin
812 3523 845 3586 A
869 3522 1001 3588 verbum
1029 3523 1191 3587 detulerat
1214 3520 1315 3586 libra-

187 3630 227 3693 rii
251 3626 349 3713 culpa-
370 3634 449 3714 post
468 3629 599 3711 paratis
624 3646 696 3690 esse
718 3626 872 3712 positum.

290 3748 354 3814 888.
388 3745 510 3831 Hisque
533 3749 714 3833 prolisque
733 3742 859 3810 Savaro
871 3745 1199 3829 Elmenhorstiusque
1212 3745 1317 3830 scrip·

189 3862 310 3935 serunt,
333 3850 428 3936 quod¹
443 3850 590 3936 quamvis
613 3849 650 3914 15
670 3849 703 3912 Α
725 3856 758 3913 et
779 3849 814 3914 H
837 3851 891 3932 sit,
913 3849 1027 3915 nescio
1050 3872 1113 3934 quo
1137 3855 1235 3934 pacto
1251 3847 1317 3912 dis-

189 3958 300 4044 plicet.

292 4076 356 4142 381.
403 4075 555 4141 Plurima
578 4089 613 4140 et
635 4097 722 4140 uere
742 4089 855 4141 ennete
876 4074 1089 4141 Wouwerius
1113 4075 1258 4160 scripsit,
1278 4099 1317 4139 ex

191 4181 319 4247 duobus
341 4180 435 4245 libris
449 4180 535 4266 fere,
558 4201 596 4245 ex
621 4179 753 4245 Pithoei
776 4179 945 4245 codicibus
968 4201 1077 4244 veram
1100 4177 1237 4245 adnotat
1254 4178 1318 4243 lec-

191 4286 323 4352 tionem.
