3172 4908
1141 289 1249 352 '37

166 473 226 548 ibi,·
250 473 308 537 sed
330 477 385 539 illi
407 477 563 560 proillio
585 475 729 560 positum
752 497 944 559 quamquam
967 501 986 540 a
1013 474 1203 560 quotidiano
1228 497 1293 540 ser·

164 597 252 639 more
275 598 342 639 non
369 576 500 641 videtur
523 577 744 658 abhorruisse,
767 577 881 642 dubito
905 600 981 641 num
1000 574 1139 642 Sidonio
1162 577 1293 663 placue-

164 678 214 740 rit.
259 678 404 765 Apuleio
428 679 512 744 hane
535 680 670 745 formam
688 680 947 746 Hildebrandins
970 679 1222 764 restituithet.
1241 681 1292 747 IV

164 781 213 862 13,
239 782 326 867 148).

263 1143 327 1228 Ep.
351 1143 389 1208 II
415 1145 428 1205 1
456 1143 559 1228 (233).
604 1139 645 1204 In
680 1143 814 1206 concilio
845 1142 942 1222 iubet,
966 1145 1002 1205 in
1032 1143 1167 1205 consilio
1193 1151 1291 1218 tucet3

159 1250 194 1309 in
218 1247 386 1311 ecclesia
409 1249 549 1328 iocatur,
562 1247 598 1309 ln
618 1249 763 1310 conuiuio
777 1247 966 1334 praedicat,
987 1249 1024 1309 in
1042 1244 1185 1309 cubiculo
1202 1245 1291 1309 dunt-

159 1361 227 1430 nut,
252 1352 289 1413 iu
312 1355 495 1438 quaestione
519 1351 687 1413 dormitat.
733 1348 852 1435 implet
875 1350 992 1413 cotidie
1016 1350 1115 1413 siloes
1128 1347 1292 1434 fupienti-

160 1453 226 1535 bus,
249 1455 348 1518 uillas
372 1453 558 1532 hostibus,
582 1455 707 1517 ultoria
730 1456 804 1532 reis,
818 1473 961 1517 curce-res
985 1454 1123 1533 clericis,
1146 1453 1290 1516 ccultant

158 1551 278 1620 Gotbis
307 1559 527 1644 insultansque
555 1557 723 1636 Romanis,
746 1557 886 1621 illudens
911 1555 1090 1644 praefectis
1115 1555 1291 1620 colludens-

159 1682 216 1745 que
239 1661 450 1741 numerariis,
477 1663 559 1744 lepes
580 1656 821 1723 Tbeodosinnus
846 1662 972 1724 calcans
1000 1655 1290 1722 Tbeodorieiuncs-

159 1785 216 1848 que
234 1785 474 1851 proponens,
498 1775 618 1827 ueteres
643 1766 762 1848 culpus,
785 1786 869 1826 nouo
893 1762 1018 1827 tribute
1037 1763 1214 1846 perquirit.

264 1885 327 1949 128.
355 1884 434 1949 Non
459 1906 562 1970 pauca
581 1884 675 1950 huius
699 1881 988 1950 looiWonwerius
1012 1881 1289 1948 eontracodioum

159 1988 348 2052 testimonia
371 1987 484 2070 edidit,
498 1987 584 2052 sicut
605 1987 697 2070 illud,
714 1988 801 2072 quod
819 2010 879 2074 pro
897 1989 1030 2050 ecclesia
1046 1985 1204 2070 reposuit,
1217 2007 1289 2048 con-

160 2113 245 2154 sessu
258 2129 299 2139 -
311 2091 352 2155 ad
363 2090 451 2175 quod
461 2090 597 2154 adnotat
609 2095 688 2154 '’vet.
702 2076 745 2155 in'
756 2093 906 2154 ecclesiu”
920 2115 970 2168 -3
982 2088 1075 2170 male,
1088 2111 1190 2172 neque
1203 2088 1287 2152 enim

160 2194 191 2257 in
225 2194 343 2279 quovis
378 2215 535 2258 consessu
569 2203 625 2258 aut
653 2197 850 2279 praedicere
884 2202 994 2280 aptum
1023 2202 1075 2258 est
1100 2200 1156 2256 aut
1180 2194 1289 2256 iocari

159 2295 316 2385 ineptum.
363 2297 471 2360 Parva
493 2305 597 2362 restat
619 2297 713 2362 huius
735 2298 889 2363 lectionis
920 2297 1168 2379 commendatiO,
1191 2319 1287 2380 quani

159 2401 231 2484 quis
256 2423 294 2466 ex
320 2423 466 2465 consona
489 2400 632 2465 eiusdem
656 2401 801 2488 syllabae
825 2402 1019 2488 repetitione
1037 2403 1190 2482 (concilio
1215 2422 1287 2464 con-

160 2506 235 2568 silio
261 2526 407 2569 consessu
431 2506 595 2589 conuicio)
618 2514 762 2590 quaerat.

173 2641 176 2648 '
264 2626 325 2690 121.
372 2626 528 2690 Hostibus
562 2650 601 2690 ex
624 2626 786 2690 AHZY
816 2627 946 2712 scripsi,
970 2626 1056 2691 idern
1081 2623 1206 2689 Savaro
1230 2623 1287 2688 1⁴31-

157 2728 457 2813 rnenhorstiusque3
493 2730 683 2816 hospitibus,
717 2730 805 2814 qnod
833 2738 884 2796 est
907 2732 940 2793 in
963 2729 1078 2794 RVL
1103 2767 1142 2775 -—
1167 2728 1198 2792 in
1225 2727 1285 2791 hoc

158 2839 267 2898 tamen
302 2832 437 2896 alterum
465 2856 593 2917 quoque
614 2834 757 2923 repperi,
781 2873 819 2882 κ-
845 2830 1284 2919 Γειὶηηετηηῖᾚοιιψεῐίυε

158 2931 353 3000 Sirmondus
377 2936 527 3021 Mignius
550 2935 700 3000 Baretus.
735 2935 776 3000 Id
798 2935 910 3022 gallici
934 2937 1129 3021 interpretes
1148 2935 1196 2998 sio
1215 2957 1285 2998 ver-

157 3047 244 3104 tunt:
279 3038 410 3125 remplit
443 3039 491 3104 les
526 3041 630 3104 forits
654 3039 693 3104 de
717 3040 857 3126 fugitifs,
881 3039 939 3104 les
975 3060 1210 3125 campagnes
1239 3038 1284 3103 de

157 3143 353 3228 uitoyens.
398 3142 555 3208 Hostibus
591 3165 700 3208 vernrn
735 3165 808 3208 esse
831 3143 882 3208 vel
911 3144 952 3207 iis
985 3166 1067 3228 quae
1091 3149 1282 3227 sequuntur:

156 3249 301 3310 ccultant
327 3243 443 3310 Gothis
465 3250 686 3334 insultansque
711 3247 866 3311 Romanis
889 3246 1026 3311 indicari
1051 3253 1197 3333 apparet.
1221 3246 1249 3311 F
1251 3270 1282 3310 a—

157 3349 253 3412 vebat
275 3349 361 3412 enirn
395 3346 578 3414 Seronatns
602 3348 735 3431 Gothis,
758 3351 812 3434 qui
848 3350 971 3414 inimici
995 3337 1088 3414 orani
1109 3349 1283 3428 Romanis3

155 3451 231 3516 illos
255 3452 297 3516 ad
320 3475 354 3516 se
379 3453 549 3533 invitabat,
573 3454 634 3518 hos
658 3454 786 3518 iniuriis
813 3453 959 3518 vexabat.

259 3573 322 3638 130.
366 3573 478 3638 Verbo
504 3577 632 3638 calcans
655 3573 770 3638 melius
795 3575 937 3638 fortasse
954 3575 1140 3660 opponitur
1167 3596 1282 3659 prce·
1374 3593 1377 3597 ·

152 3697 301 3761 ponens
323 3698 419 3760 quarn
436 3697 632 3762 proponens.
666 3677 742 3742 Hoc
766 3684 875 3742 tamen
898 3676 1072 3742 defendere
1088 3677 1198 3763 possis
1215 3676 1282 3740 ool-

155 3778 221 3844 lato
246 3777 336 3844 Suet.
356 3775 464 3865 Calig.
489 3769 545 3846 41:
580 3782 737 3845 eiusmodi
769 3780 983 3866 uectipclibus
1017 3781 1151 3844 indictis
1184 3801 1281 3866 nepae

151 3885 333 3970 propositis
357 3907 425 3947 mun
444 3907 506 3970 per
527 3888 754 3968 ipnorontium
776 3888 960 3968 scripturae
982 3890 1085 3949 multa
1113 3887 1281 3948 commissa

146 3989 276 4068 fierent,
312 3988 439 4052 tandein
466 3991 641 4072 flupitonte
670 3991 792 4074 populo
823 3991 997 4073 proposuit
1020 3989 1147 4075 quidem
1171 3992 1279 4074 lepern,

156 4093 210 4156 sed
232 4104 263 4155 et
285 4094 514 4156 minutissimis
539 4096 661 4157 litteris
685 4103 715 4155 ct
738 4095 969 4178 enpustisairno
994 4094 1071 4173 loco,
1094 4098 1146 4158 uti
1167 4117 1204 4158 ne
1229 4099 1281 4162 oui

155 4195 333 4260 describere
357 4197 479 4262 liceret.
