3186 4900
1234 283 1274 347 69

186 478 255 559 ipae
279 474 353 536 bine
374 472 512 559 amplius
545 471 744 557 capiebatur,
782 472 865 557 quod
899 493 929 534 se
958 471 1059 559 ditipi
1092 475 1196 558 mapie
1219 495 1316 558 quom
1346 531 1347 534 ,

188 582 281 665 quasi
303 581 366 642 coli
388 577 593 662 intellipebat
638 574 702 640 Sed
720 587 876 661 prouectu
899 579 1017 641 aetatis
1041 599 1077 641 ea
1099 581 1223 643 militia
1258 579 1316 643 cle·

189 682 295 758 ricati,
320 702 389 744 cum
406 691 485 743 esset
502 678 654 743 amabitis
669 681 773 764 prius,
793 681 895 763 coepit
914 679 1007 743 modo
1027 701 1091 744 esee
1110 681 1314 746 uenerabilis.

289 784 354 849 238.
406 781 538 858 Veneta,
561 804 625 866 quo
654 781 777 846 omisso
800 782 973 847 verborum
1001 783 1124 869 peribit
1146 784 1314 849 concinni·

187 894 249 966 tae,
272 887 306 949 in
328 887 360 949 A
383 895 415 950 et
435 885 472 951 X
494 894 553 966 est,
577 885 653 949 item
676 885 710 949 in
733 884 946 968 editionibus,
969 908 1035 950 non
1059 893 1110 952 est
1131 886 1166 950 in
1184 886 1312 970 RVU,

188 990 221 1052 in
253 989 287 1053 H
316 987 457 1069 additur,
485 988 518 1052 in
548 988 574 1051 Z
602 996 681 1073 post
708 1000 824 1052 natata
848 989 1006 1073 scriptum
1030 996 1104 1052 aute
1127 989 1313 1074 ponendum

189 1115 260 1157 esse
284 1092 498 1178 significatur.

290 1195 355 1261 239.
402 1193 582 1276 Houorari,
605 1192 692 1278 quod
714 1193 748 1256 in
771 1193 805 1257 H
816 1192 848 1258 R
861 1193 886 1256 Z
899 1191 970 1258 VU
994 1200 1054 1275 est,
1077 1193 1140 1258 hoc
1162 1194 1236 1260 loco
1260 1195 1315 1260 vix

189 1307 299 1385 aptum
321 1306 387 1378 est3
410 1305 442 1362 et
465 1297 497 1361 in
517 1297 547 1364 V
571 1297 742 1378 omittitur,
765 1297 798 1360 in
820 1297 853 1360 A
872 1297 1029 1383 scripturn
1049 1305 1099 1362 est
1116 1302 1313 1378 uenerari,

188 1401 275 1486 quod
309 1402 342 1464 iu
377 1401 461 1466 libro
495 1399 645 1465 Danielis
680 1421 752 1464 esse
774 1396 986 1464 Wouwerius
1015 1400 1161 1482 adnotat,
1184 1401 1315 1466 Elmen-

189 1506 334 1569 horstius
369 1503 459 1568 solus
489 1502 697 1569 scribendum
719 1523 791 1567 esse
815 1503 997 1567 constituit.
1042 1503 1118 1568 Hoc
1141 1504 1237 1569 etiam
1262 1504 1316 1569 de·

188 1609 323 1695 ponenti
355 1608 456 1672 verbo
490 1609 624 1670 imitari
656 1606 770 1671 melius
804 1606 966 1688 convenit,
1002 1605 1066 1671 nisi
1095 1607 1181 1684 forte
1218 1608 1315 1672 liono-

188 1714 265 1775 rari
296 1711 404 1775 activa
438 1710 679 1797 significatione
707 1709 821 1795 posuit
851 1705 1019 1790 Sidonius,
1049 1718 1085 1773 ut
1114 1706 1248 1774 Solinus
1278 1711 1315 1776 II

188 1817 227 1878 26
256 1813 321 1901 (ed.
345 1814 498 1878 Momms.
522 1835 598 1899 pag.
622 1813 678 1899 42)
712 1815 872 1876 tortoreto
896 1813 1117 1900 (mysterium)
1140 1821 1171 1877 et
1193 1813 1315 1899 Ampe-

188 1917 251 1981 lius
281 1919 353 1997 2,5
382 1929 428 1980 cst
458 1917 618 1980 bonoruta
653 1914 818 2000 (leonem).
865 1915 1026 1980 Librariis
1061 1915 1233 2001 displicuit
1266 1939 1315 1982 ee-

187 2024 311 2099 nerari,
341 2020 416 2104 quia
438 2019 537 2105 paulo
560 2027 638 2105 post
660 2019 807 2103 sequitur
828 2019 1038 2096 venerabili33
1062 2017 1124 2083 hoc
1153 2041 1225 2083 cum
1249 2043 1315 2083 mu-

188 2132 257 2188 tare
279 2123 386 2187 minus
410 2122 578 2188 commode
601 2131 749 2209 possent,
771 2122 854 2186 illud
876 2144 1082 2209 eorrumpere
1099 2122 1272 2188 malebant.

291 2226 465 2291 Praeterea
492 2249 542 2292 me
565 2227 671 2290 fateor
694 2226 831 2308 nescire,
854 2224 933 2309 quid
957 2233 1035 2312 agat
1057 2226 1140 2290 mibi
1161 2226 1194 2290 in
1218 2226 1314 2290 initio

190 2329 369 2396 sententiae
402 2330 557 2415 positum,
591 2329 783 2416 praesertim
818 2350 890 2392 eum
913 2332 1020 2392 mator
1049 2328 1149 2393 verbo
1178 2323 1317 2392 addatur

188 2446 277 2497 natu.
315 2433 431 2518 Neque
454 2433 540 2497 enim
563 2431 756 2497 crediderim
778 2430 879 2496 latine
903 2433 951 2496 sie
974 2430 1039 2496 dici
1057 2439 1094 2495 ut
1115 2430 1235 2517 gallica
1257 2431 1317 2494 lin-

188 2559 268 2622 gua:
307 2535 487 2601 Faustinus
517 2536 598 2600 etait
626 2558 701 2600 mon
730 2539 817 2617 atne',
851 2557 953 2619 neque
982 2535 1104 2599 rectius
1133 2534 1217 2598 mibi
1244 2555 1315 2598 cnm

190 2640 378 2726 capiebatur
401 2639 621 2726 coniungitur.
666 2636 765 2721 Quod
792 2639 821 2702 si
849 2660 959 2702 verum
989 2644 1049 2718 est,
1073 2637 1153 2702 haee
1175 2637 1317 2701 fortasse

189 2743 382 2830 probabitur
415 2743 647 2808 sententiarum
685 2742 822 2807 divisio:
862 2753 974 2806 sancta
1008 2762 1132 2826 semper
1166 2741 1317 2806 ambobus

190 2852 265 2934 quia
283 2859 429 2911 manente
453 2849 591 2911 caritate
610 2852 780 2926 contentio,
797 2847 880 2910 mibi
896 2846 1023 2931 quidem
1041 2843 1153 2929 (simul
1171 2844 1316 2910 auditur:

191 2953 351 3015 contentio
379 2960 462 3030 erut,
491 2950 578 3035 eed);
613 2953 720 3013 maior
749 2950 801 3014 bio
828 2960 909 3013 nata
934 2987 972 2998 -
1003 2961 1128 3012 tautum
1153 2959 1259 3013 tamen
1281 2961 1317 3012 ut

191 3077 259 3118 earn
282 3075 347 3116 uon
370 3065 437 3117 tum
459 3056 612 3118 uenerari
632 3075 753 3118 necesse
777 3064 867 3135 esset,
885 3075 979 3141 quam
996 3052 1170 3117 delectaret
1185 3055 1318 3116 imitari

192 3197 231 3206 -κ
254 3160 351 3221 simul
378 3172 407 3221 et
435 3163 503 3242 ipsc
529 3159 602 3222 binc
625 3162 763 3245 amplius
786 3159 975 3246 capiebatur
999 3157 1049 3242 (id
1072 3163 1137 3221 est:
1171 3156 1213 3220 ad
1247 3179 1319 3220 eon·

191 3265 366 3325 tentionem
398 3261 643 3348 adducebatur),
672 3263 755 3349 quod
783 3285 814 3326 ee
842 3263 942 3348 dilipi
968 3263 1074 3346 mepte
1103 3282 1197 3346 quam
1225 3263 1319 3349 quusi

192 3369 254 3429 coli
275 3367 488 3451 intellipebut.

294 3676 357 3762 Ep.
382 3675 432 3741 IV
456 3678 475 3739 5
499 3675 601 3761 (277).
649 3673 734 3738 Nam
762 3697 829 3738 curn
854 3685 882 3736 te
905 3695 968 3737 nou
991 3675 1099 3738 deceat
1114 3674 1208 3760 fuleo
1230 3696 1320 3736 ruan-

191 3781 271 3844 dure
294 3791 387 3866 atque
410 3782 487 3842 item
511 3779 617 3841 desint
639 3781 749 3840 votiva
777 3779 1022 3857 memoratu,
1043 3777 1142 3864 fupio
1167 3777 1318 3863 quicquid

193 3881 294 3945 illud
316 3879 398 3943 molt
420 3892 466 3943 est
484 3901 547 3964 per·
569 3878 725 3942 bonorum
747 3877 872 3940 iudicio
896 3898 1093 3963 copuoecere.

294 3983 358 4050 240.
402 3984 451 4049 Ex
475 3984 506 4046 A
531 3982 644 4048 codice
666 3978 886 4045 difficiliorem
908 3977 1053 4044 librariis
1070 3979 1242 4044 lectionem
1258 4004 1321 4046 me·

191 4091 383 4169 moratut,
411 4087 497 4172 quod
520 4088 553 4149 in
577 4085 727 4150 Danielis
750 4106 878 4169 quoque
899 4083 985 4148 libro
1012 4104 1086 4148 esse
1107 4080 1319 4151 Wouwerius

192 4191 284 4273 dicit,
306 4214 367 4278 ego
387 4213 446 4277 pro
469 4204 648 4254 memoratu
669 4187 814 4275 reposui,
837 4186 925 4272 quod
947 4185 981 4252 H
1005 4185 1052 4271 (in
1075 4187 1140 4251 fine
1163 4188 1320 4274 paginae)

191 4293 223 4360 R
235 4293 260 4357 Z
273 4295 305 4360 V
317 4292 351 4358 U
364 4293 398 4358 X
427 4293 547 4358 habent
568 4293 774 4378 editoresque
796 4312 878 4377 quos
902 4289 1044 4381 cognovi
1069 4311 1191 4357 omnes.
1232 4290 1320 4358 Voti·
