3186 4900
319 281 360 345 86

278 493 329 555 ep.
355 468 445 533 VIII
469 471 499 547 6,
525 469 562 531 14
586 471 692 532 inciso
715 481 744 532 et
769 471 932 555 insculpto
954 481 1029 533 snret
1049 469 1191 554 publicis
1208 473 1408 555 aeternisque

278 575 490 637 monumentis
509 577 683 656 praetorio
706 583 897 636 ornamenta
923 573 1089 671 l’allantis
1107 575 1154 638 sic
1171 577 1263 661 quasi
1276 575 1410 654 foedera

279 680 425 765 antiqua,
448 678 495 741 sic
518 677 612 764 quasi
634 699 745 742 sacrae
769 679 863 764 lepos.

382 934 445 1020 Ep.
465 934 498 999 V
521 936 539 996 7
566 935 668 1020 (327).
714 932 810 1015 Sane,
835 934 918 1021 quod
935 935 1173 1020 principaliter
1196 937 1339 1001 medetur
1363 939 1411 1024 of-

274 1040 388 1120 pliciis,
413 1048 569 1123 temperat
594 1037 807 1102 Lucumonem
829 1049 975 1102 nostram
1002 1039 1165 1130 Tanaquil
1187 1063 1244 1104 sua
1267 1051 1297 1104 et
1320 1063 1413 1105 aures

281 1143 398 1204 mariti
419 1143 532 1205 virosa
554 1164 766 1206 susurronum
780 1142 875 1227 faece
900 1143 1064 1228 completis
1089 1145 1311 1228 oportunitate
1326 1145 1414 1228 falsi

280 1247 438 1309 'sermonis
467 1246 630 1310 eruderat.
678 1245 775 1310 Cuius
799 1246 906 1309 studio
924 1248 1076 1332 factum
1099 1249 1182 1310 scire
1205 1270 1345 1332 caspar
1368 1259 1414 1311 est

283 1347 369 1412 nibil
401 1351 536 1412 interim
572 1353 674 1436 quieti
697 1349 851 1436 fratrum
879 1354 1135 1416 communium
1163 1352 1249 1437 apud
1272 1354 1414 1416 animum

284 1455 457 1517 communis
485 1456 626 1538 patroni
658 1454 825 1518 iuniorum
861 1454 1093 1542 Cibyratarum
1120 1476 1240 1520 uenena
1270 1459 1414 1520 nocuisse

283 1578 380 1644 neque
403 1557 577 1646 qseidquom
589 1557 657 1622 Deo
675 1560 885 1644 propitiante
907 1561 1070 1639 nocitura,
1094 1561 1124 1622 si
1145 1562 1250 1642 modo,
1263 1561 1415 1648 quamdiu

280 1682 434 1746 praesens
461 1670 608 1746 potestas
633 1661 878 1744 Lupdunensem
908 1661 1120 1731 Germaniam
1148 1667 1245 1751 repit,
1268 1674 1416 1728 nostrum

284 1786 433 1850 suumque
458 1759 686 1830 Germanicum
706 1787 860 1851 praesens
882 1763 1074 1853 Aprippinu
1096 1769 1290 1831 moderetur.

388 1868 453 1933 303.
487 1867 634 1949 Factum,
651 1868 738 1954 quod
755 1876 806 1933 est
823 1869 856 1932 in
873 1868 1031 1950 AHRZ,
1048 1870 1252 1934 retinuerunt
1262 1868 1418 1935 Wouwe-

287 1972 354 2036 rius
374 1970 510 2038 storo
528 1972 866 2057 Elmeuhorstiusque,
884 1973 1039 2039 omisitV
1052 1981 1085 2038 et
1102 1973 1135 2038 U
1152 1974 1302 2040 codicum
1315 1975 1418 2061 serip-

288 2084 386 2158 toros,
406 2076 482 2140 item
500 2073 694 2141 Sinnondus
712 2076 925 2160 Buretusque.
961 2075 1060 2158 Quod
1077 2100 1149 2142 cum
1162 2079 1215 2142 vix
1234 2077 1300 2142 ullo
1319 2078 1416 2143 modo

288 2177 418 2243 defendi
442 2187 498 2242 aut
520 2179 642 2266 corrigi
665 2200 764 2265 posse
787 2179 946 2262 videntur,
974 2180 1153 2266 putandum
1177 2181 1283 2246 estin
1307 2181 1418 2246 arche-

289 2290 369 2370 typo
393 2307 412 2346 u
435 2282 569 2347 librario
603 2282 750 2346 additum
784 2303 868 2366 esse,
901 2307 942 2348 ne
972 2284 1070 2349 verbu
1099 2289 1186 2350 cuius
1215 2286 1321 2351 studio
1346 2309 1418 2350 eum

289 2390 372 2450 scire
396 2385 680 2472 coniungerentur.
719 2387 836 2473 Neque
859 2388 944 2452 enim
967 2388 1043 2452 tulis
1062 2389 1249 2454 anacoluthi
1268 2412 1418 2473 umquam

290 2514 339 2555 me
373 2489 482 2578 legere
515 2491 645 2555 memini
680 2492 871 2578 exemplum,
905 2515 1097 2576 qumquam
1130 2493 1291 2557 interdum
1313 2493 1360 2573 fit,
1383 2499 1419 2554 ut

229 2611 232 2620 ’
291 2595 462 2659 sententiis
486 2595 636 2660 oonflutis
666 2595 706 2660 ud
729 2595 913 2682 proximum
936 2596 1094 2660 referatur
1116 2595 1203 2680 quod
1226 2595 1321 2660 aliter
1344 2619 1420 2660 con-

290 2697 489 2784 iungendum
523 2699 595 2780 fuit,
629 2706 664 2762 ut
697 2692 770 2764 Cic.
797 2699 892 2764 Verr.
916 2699 954 2764 ΙΙ
984 2699 1012 2781 2,
1036 2701 1088 2780 65,
1120 2699 1177 2762 158
1206 2699 1243 2762 de
1273 2719 1332 2784 quo
1363 2699 1421 2761 boc

248 2876 250 2880 ,
292 2803 418 2865 bomine
441 2801 590 2866 auditum
612 2813 659 2864 est
681 2825 840 2889 umquam,
869 2803 953 2890 quod
976 2802 1039 2865 tibi
1061 2801 1192 2880 accidit,
1215 2814 1254 2865 ut
1278 2804 1361 2865 eine
1384 2805 1421 2864 in

288 2907 442 2988 pronicio
466 2915 592 2970 statuae
615 2908 651 2970 in
675 2907 753 2970 locis
770 2906 914 2992 publicis
942 2907 1081 2990 positae,
1103 2906 1234 2991 partim
1263 2905 1361 2968 etiam
1385 2905 1422 2966 in

292 3009 424 3074 oedibus
448 3013 561 3091 sacris,
579 3031 643 3094 por
665 3012 730 3074 oim
753 3021 784 3076 et
800 3033 864 3096 per
886 3013 1070 3076 uniuersam
1090 3010 1332 3076 multitudinem
1354 3009 1421 3074 dei·

292 3125 450 3178 serentur.

395 3370 459 3456 Ep.
484 3369 516 3434 V
539 3370 558 3432 8
583 3369 684 3454 (336).
729 3369 815 3434 Dens
850 3371 936 3450 borne,
965 3372 1043 3458 qnid
1069 3375 1141 3436 illic
1168 3375 1269 3436 inesse
1292 3371 1421 3436 mellis

294 3477 414 3559 leporis
442 3477 677 3560 piperataeque
696 3475 877 3560 facundiae
900 3478 1030 3538 minimo
1055 3479 1173 3540 tacitus
1194 3478 1333 3559 inspecti,
1356 3477 1423 3538 nisi

295 3579 378 3666 quod
391 3577 554 3663 ferventis
568 3577 697 3664 ‘tulmen
730 3580 857 3662 inpenii
884 3589 913 3642 et
942 3581 1062 3665 eloquii
1084 3582 1170 3644 salsa
1194 3579 1328 3657 libertas
1348 3580 1422 3662 plus

291 3683 440 3769 personis
455 3681 548 3766 forte
572 3703 667 3768 quam
690 3685 794 3746 causis
810 3683 1078 3768 impediebantur,
1095 3694 1131 3747 ut
1153 3682 1236 3746 mili
1258 3705 1322 3746 non
1336 3683 1424 3766 fipu·

296 3789 402 3850 ratius
431 3783 640 3850 Constantini
668 3788 794 3851 domum
822 3790 982 3873 uitamque
1006 3787 1157 3851 uideatur
1180 3789 1229 3852 uel
1246 3789 1423 3874 ¹pupupisse

292 3896 325 3954 et
346 3912 377 3973 q.
402 3911 427 3953 s.

397 3993 460 4060 3⁰4.
505 3994 607 4059 Follis
642 3994 676 4057 in
709 3993 742 4057 H
776 4002 809 4058 et
838 3993 868 4060 V
897 3994 1054 4079 scriptum
1088 4002 1148 4074 est,
1182 3994 1215 4058 in
1249 3995 1281 4058 A
1315 4003 1423 4060 alitem

295 4100 414 4178 mellis,
453 4096 651 4181 eundemque
691 4095 865 4161 lectionem
904 4097 937 4160 in
971 4096 1003 4160 H
1037 4104 1070 4160 et
1106 4096 1138 4161 V
1172 4095 1316 4162 additam
1350 4121 1421 4184 rep-

295 4201 376 4287 peri.
418 4202 526 4265 Mellis
550 4201 752 4264 retinuerunt
763 4198 975 4265 Wouwerius
1000 4196 1124 4263 Snvuro
1148 4200 1424 4282 Elmeuhorstius,

294 4305 327 4368 in
357 4303 519 4390 aliquibus
548 4303 780 4394 manuscriptis
817 4325 891 4371 esse
923 4303 1072 4394 Miguius
1108 4302 1288 4372 adnotavit.
1333 4306 1423 4373 Illud
