3186 4900
323 245 364 310 66

279 446 335 498 cet
358 433 416 498 illo
440 434 536 515 inest,
559 441 634 519 apte
658 434 812 499 cohaeret
828 457 899 500 cam
919 434 1065 518 sequenti
1084 433 1184 498 verbo
1202 434 1404 520 deprecatur.

279 536 396 601 Potuit
418 559 495 601 sane
518 560 557 601 ex
582 539 706 601 colorat
729 545 867 624 propter
888 539 1031 602 vicinum
1054 539 1247 624 deprecatur
1264 537 1336 602 fieri
1353 538 1405 601 de-

280 642 415 720 colorat,
450 663 489 704 ex
511 640 569 704 illo
593 641 742 719 decorat3
777 641 835 706 sed
868 663 934 705 nou
960 641 1068 706 miuus
1097 640 1274 706 verisimile
1299 641 1404 704 estin

279 743 459 830 archetypo
482 743 585 808 fuisse
607 745 749 826 decorat,
774 743 808 808 id
830 745 863 808 in
886 745 919 808 A
943 753 1116 816 servatum,
1139 746 1174 809 in
1196 744 1315 810 ceteris
1339 744 1406 830 pri-

278 869 364 910 mum
386 848 421 910 iu
443 847 619 927 decolorat,
643 848 730 930 quod
764 847 897 912 verbum
925 847 1068 912 librariis
1092 848 1143 912 vel
1166 871 1206 913 ex
1229 871 1280 935 ep.
1303 848 1342 913 II
1366 848 1405 911 10

278 949 372 1036 (236)
395 951 668 1016 decolorabantur·
691 958 803 1014 notum
826 959 1110 1038 erat,eorruptum
1132 973 1204 1016 esse
1229 950 1330 1035 (sicut
1353 974 1404 1037 ep.

277 1049 334 1117 III
355 1054 375 1117 8
392 1055 483 1135 (256)
507 1054 764 1140 quandoquidem
777 1053 883 1140 facile
900 1057 1050 1120 clarescit
1067 1077 1135 1119 rem
1147 1055 1312 1140 publicam
1335 1075 1405 1117 mo-

278 1160 370 1218 rari
404 1156 563 1237 beneficia,
587 1177 642 1253 ooo
664 1161 785 1221 mereri
819 1158 852 1221 iu
885 1157 1009 1222 AHV
1034 1158 1191 1244 scriptum
1215 1165 1266 1222 est
1287 1159 1406 1222 mode·

277 1260 389 1340 rari),
413 1259 529 1323 deinde
552 1282 592 1323 ex
613 1260 792 1334 decolorat,
814 1259 902 1344 quod
919 1261 953 1324 in
970 1268 1101 1325 vetusto
1125 1260 1293 1326 codiee-V
1316 1285 1405 1326 man·

280 1363 333 1442 sit,
358 1362 514 1428 facillima
548 1363 775 1427 emendatione
805 1363 926 1428 tactum
950 1385 1022 1428 esse
1050 1363 1183 1444 colorat,
1206 1364 1246 1428 de
1269 1386 1332 1448 quo
1356 1364 1406 1428 cfr

280 1464 356 1530 Val.
379 1466 470 1530 Max.
493 1465 586 1530 VIII
609 1467 639 1545 2,
664 1467 683 1528 2
708 1487 803 1552 qaam
826 1469 929 1552 leqati
958 1489 1057 1554 peace
1080 1489 1144 1532 ease
1167 1471 1271 1534 coluit
1295 1467 1406 1532 libidi-

278 1591 390 1632 aoeam
414 1569 648 1633 liberalitatem
672 1569 775 1634 debiti
796 1574 924 1634 nomiae
947 1572 1172 1634 colocando.

378 1673 444 1738 lll.
480 1673 638 1758 Gaiusque
662 1696 700 1736 ex
723 1674 756 1737 A
768 1673 801 1737 H
813 1673 844 1738 R
856 1673 882 1737 Z
894 1673 928 1739 V
939 1673 975 1739 X
986 1674 1019 1738 Y
1042 1675 1173 1760 scripsi,
1196 1678 1283 1740 cuiae
1298 1671 1404 1739 Wou-

277 1777 397 1840 werius
419 1783 452 1839 et
472 1775 623 1840 Baretus

378 1879 443 1944 228.
488 1879 549 1944 Est
572 1901 611 1943 eo
634 1879 720 1960 loeo,
738 1901 803 1963 quo
828 1903 889 1966 ego
912 1881 1020 1966 posui,
1044 1880 1304 1960 hebentAHV3
1326 1890 1405 1967 post

277 1983 457 2067 deformior
480 1989 607 2068 ponunt
628 1979 838 2046 Wouwerius
864 1978 1058 2047 Sirmondus
1080 1983 1229 2070 Mignius
1252 1984 1403 2050 Beretum

380 2085 445 2150 228.
488 2083 675 2149 Pollinctum
698 2086 731 2148 A
755 2084 863 2165 habet,
883 2089 1046 2171 pollictor
1068 2086 1102 2150 H
1125 2095 1158 2150 et
1180 2087 1228 2164 V;
1261 2110 1359 2171 quare
1382 2113 1404 2150 o

277 2189 419 2253 litteram
441 2188 571 2253 retinui.

379 2293 445 2358 230.
491 2288 633 2356 Curcum
660 2290 822 2355 editiones
851 2313 933 2375 quas
960 2291 1029 2355 vidi
1052 2313 1164 2357 omues
1188 2293 1317 2356 habent.
1362 2292 1402 2356 Id

276 2398 310 2462 in
332 2396 367 2460 H
390 2395 515 2460 codicis
538 2395 686 2480 margine
713 2395 844 2481 repperi
873 2396 922 2482 (iu
946 2403 1099 2461 contextu
1128 2397 1300 2460 verborum
1328 2397 1404 2460 toti-

277 2500 350 2564 dem
373 2499 440 2564 sere
463 2499 592 2562 litterae
615 2520 726 2562 erasae
750 2505 853 2580 sunt),
877 2497 963 2562 idem
986 2523 1024 2563 ex
1047 2499 1286 2564 recentioribus
1309 2499 1403 2563 libris

279 2602 396 2668 ZXY
418 2601 526 2666 Paris.
549 2601 632 2666 2782
656 2608 690 2664 et
711 2603 793 2665 9551
819 2601 975 2666 adfertur.
1000 2598 1067 2666 Sed
1089 2603 1123 2666 in
1146 2602 1179 2665 A
1196 2611 1229 2666 et
1243 2601 1276 2666 U
1299 2603 1404 2688 scrip·

277 2715 343 2770 tunt
367 2712 419 2769 est
442 2707 545 2784 corte,
560 2708 683 2768 coriam
706 2704 740 2767 in
762 2703 809 2783 R3
831 2703 865 2768 id
884 2705 921 2770 iu
941 2705 1016 2770 NP
1033 2705 1140 2770 Paris.
1163 2707 1247 2771 2783
1270 2715 1304 2770 et
1320 2707 1401 2770 3477

275 2830 351 2873 esse
373 2807 456 2872 dicit
476 2807 627 2888 Baretus‚
650 2806 684 2869 iu
707 2806 814 2871 Paris.
838 2809 923 2872 2170
946 2819 1052 2872 eutem
1075 2831 1217 2890 carram,
1239 2810 1273 2873 in
1289 2809 1401 2875 Vineti

276 2911 419 2976 editione
444 2912 684 2993 ararum,qu0d
709 2933 747 2973 ex
771 2909 899 2976 duobus
922 2911 1015 2976 libris
1028 2912 1165 2976 adnotat
1174 2909 1402 2989 Wouwerius;

274 3016 308 3079 iu
330 3015 363 3081 V
387 3015 546 3100 scriptum
569 3021 620 3078 est
642 3024 753 3078 cerari.
799 3010 924 3078 Severo
954 2995 988 3080 iia
1011 3015 1183 3080 Fauchetii
1212 3016 1297 3081 libro
1322 3017 1403 3082 dicit

275 3140 348 3184 esse
364 3123 496 3182 'coriam
508 3116 535 3199 dr
547 3139 691 3196 caraem,
712 3116 801 3200 quod
823 3118 961 3182 maxime
985 3120 1160 3184 convenire
1176 3119 1305 3184 videtur
1321 3120 1355 3182 in
1366 3119 1401 3184 H

274 3221 431 3286 codicem.
478 3218 619 3285 Curcum
640 3221 742 3306 igitur
764 3219 890 3283 librarii
913 3221 1101 3286 coniectura
1122 3231 1233 3286 natum
1256 3221 1400 3300 videtur3

273 3323 354 3387 mihi
371 3323 502 3408 quidem
525 3322 692 3408 displicet,
705 3344 777 3387 cum
800 3322 944 3409 scriptor
956 3325 1107 3391 convicio
1124 3326 1178 3390 vix
1191 3325 1401 3404 abstinuisse,

273 3427 391 3491 nedum
415 3449 535 3506 earum,
547 3425 636 3510 quod
660 3425 804 3489 coniecit
813 3422 1036 3510 Wouwerias‚
1049 3429 1224 3514 scripsisse
1241 3428 1399 3492 videatur.

271 3530 323 3595 Ex
359 3532 462 3610 corici,
484 3528 572 3613 quod
594 3529 629 3592 iu
653 3528 833 3616 archetypo
855 3529 958 3595 fuisse
980 3539 1072 3617 puto,
1094 3555 1194 3616 aeque
1223 3531 1320 3596 facile
1353 3541 1400 3596 at

271 3657 333 3718 que
357 3633 441 3697 aliae
474 3632 645 3714 lectiones,
668 3653 749 3716 ques
778 3634 1039 3716 commemoravi,
1062 3635 1204 3700 efficitur
1227 3638 1342 3717 corii,
1365 3635 1399 3700 id

271 3745 323 3802 est
346 3739 431 3802 corii
464 3739 594 3800 eae-iam
626 3734 679 3800 vel
707 3737 818 3820 pellic,
840 3757 937 3819 quam
965 3744 1060 3801 antea
1082 3737 1316 3824 appellaverat.
1361 3733 1397 3802 Si

270 3841 344 3924 quis
369 3839 567 3904 adieetivum
589 3837 798 3920 desiderabit,
821 3838 855 3904 V
878 3840 1026 3904 codicem
1054 3850 1185 3906 secutus
1220 3863 1398 3906 cormeum

269 3950 417 4029 reponat,
441 3942 529 4026 quod
563 3943 596 4006 iu
625 3941 737 4006 eadem
760 3942 902 4028 epistula
924 3942 964 4008 de
988 3944 1137 4009 cruribus
1161 3945 1290 4010 dicitur.
1336 3939 1399 4010 Otr

270 4067 322 4130 ep.
345 4045 398 4110 IV
423 4049 436 4108 l
470 4047 563 4130 (268)
598 4047 783 4111 bestialium
816 4047 1061 4133 riyidarumque
1094 4051 1262 4113 actionum
1298 4049 1398 4112 corda

271 4170 422 4212 cornea.
470 4148 586 4232 Neque
611 4149 699 4214 enim
725 4149 889 4214 adiectivo
919 4171 1055 4216 coreas
1082 4152 1131 4216 uti
1160 4153 1275 4235 ausim,
1308 4152 1397 4237 quod

270 4253 304 4316 in
326 4251 451 4338 glossis
477 4251 608 4316 Placidi
630 4253 768 4339 (bulyac
789 4275 898 4319 caccus
921 4258 1048 4339 coreas)
1071 4255 1246 4338 iuvenitur,
1268 4255 1397 4320 ofrAn-
