3172 4908
1220 267 1257 330 13

169 459 225 543 64)
252 481 302 535 -3
324 455 408 520 adde
436 449 595 542 Calpurn.
619 455 679 522 ecl.
703 455 757 522 VI
778 456 819 522 43
844 454 1005 542 rutiloque
1027 456 1167 521 mouilic
1190 465 1301 540 torque

170 572 316 626 actrcma
340 561 461 624 ceruice
482 570 600 624 autaut
622 567 656 624 et
678 559 781 644 Vcrg.
804 555 929 645 Georg.
952 557 1011 623 III
1035 559 1095 622 198
1119 568 1239 646 repetes
1256 560 1303 623 al·

171 677 222 728 tac
234 665 400 749 campique
416 673 613 729 nctautss.
646 660 723 726 Hoc
755 660 829 726 loco
853 659 922 726 nidi
952 659 1170 724 harundinum
1190 660 1303 724 iunco-

171 789 241 830 rum
264 765 448 851 scirporum
472 763 574 830 silvae
597 764 724 828 natanti
748 763 897 850 impositi
919 775 1070 828 natantes
1092 762 1158 848 ipsi
1181 762 1303 847 optime

169 869 353 955 linguntur3
375 877 494 932 autaut
516 875 623 932 autem
645 865 753 932 ventis
770 865 887 952 agitati
905 874 941 930 ut
956 865 1040 931 rami
1052 873 1086 931 et
1096 864 1230 931 arbores
1254 864 1303 930 sic

170 971 240 1036 nidi
263 971 305 1034 iis
327 969 437 1034 adfixi.
481 969 599 1055 Neque
620 969 655 1034 in
677 969 739 1034 hac
761 967 935 1034 verborum
952 967 1179 1034 conclusione:
1201 969 1305 1054 impo-

169 1079 236 1139 sita
259 1073 397 1138 uetabat
425 1072 549 1138 numeri
573 1093 710 1158 prorsus
740 1070 928 1157 displicent,
950 1071 1099 1155 quamvis
1128 1069 1304 1136 eorundem

170 1199 245 1241 rara
267 1177 335 1241 sint
345 1175 432 1262 apud
446 1172 621 1240 Sidonium
632 1174 792 1262 exempla,
811 1175 898 1240 sicut
914 1197 966 1261 ep.
982 1175 1032 1240 12
1046 1175 1138 1260 (178)
1150 1177 1188 1238 iu
1203 1178 1304 1239 utris·

169 1300 229 1366 que
246 1279 502 1366 philosophatur
525 1285 558 1342 ct
579 1278 618 1342 ΙΙ
641 1279 660 1340 2
684 1279 778 1362 (215)
801 1299 930 1342 recussa
955 1277 1154 1358 cohibeatur,
1171 1276 1305 1362 quibus-

170 1403 246 1446 cum
268 1380 502 1446 conferendum
524 1387 576 1446 est
598 1380 637 1445 II
661 1381 700 1446 13
724 1381 817 1466 (229)
840 1380 1006 1446 desideria
1034 1381 1257 1446 dominantur.

276 1687 340 1774 Ep.
364 1687 425 1754 15
448 1690 551 1772 (184).
585 1687 725 1776 Insuper
749 1691 903 1776 oppidum
926 1690 1043 1774 duplas
1063 1713 1162 1775 pars
1183 1693 1306 1754 iuter·

171 1792 252 1857 luit
275 1789 382 1856 Padi
406 1803 524 1872 carta,
546 1815 647 1879 pars
677 1795 812 1858 alluit.
858 1790 924 1873 Qui
946 1793 986 1858 ab
1010 1795 1100 1858 alueo
1121 1794 1307 1879 principali

171 1896 308 1966 molium
322 1894 535 1981 publicarum
557 1895 791 1982 discerptus
814 1895 940 1960 obiectu
962 1907 993 1960 ατ
1012 1917 1074 1981 par
1097 1896 1223 1961 easdam
1246 1896 1307 1961 de·

172 2001 325 2062 riuatis
359 1998 548 2062 tramitibus
575 1998 752 2063 ecisaustus
775 2002 823 2063 sic
845 1999 982 2064 diuidua
999 1998 1126 2081 fluenta
1142 2001 1306 2084 partitur,

171 2109 210 2164 ut
228 2099 409 2184 praebeamt
436 2101 601 2165 moenibus
635 2101 831 2187 circumfusa
849 2102 1069 2187 praesidium,
1090 2102 1202 2187 iususa
1225 2122 1307 2165 com-

172 2203 338 2267 mercium.
373 2199 408 2264 H
412 2205 427 2265 i
433 2225 449 2266 c
467 2223 536 2266 cum
547 2216 797 2291 peropportuna
816 2215 928 2268 abacta
941 2208 1112 2285 mercatui,
1125 2217 1193 2270 tum
1208 2226 1308 2291 prae·

174 2307 266 2391 cipue
290 2305 374 2392 quod
397 2307 464 2371 esui
488 2317 679 2390 competeret
702 2306 919 2394 deferebatur,
943 2308 1012 2372 uisi
1035 2309 1128 2396 quod,
1152 2331 1221 2373 cum
1243 2329 1307 2373 sese

174 2407 251 2472 birsa
285 2411 404 2473 salsura
430 2412 543 2494 portis
565 2411 704 2497 priapus
731 2413 940 2497 impiuperet,
963 2410 1039 2476 bisc
1063 2411 1199 2476 cloacali
1214 2415 1308 2499 pulte

164 2512 338 2596 fossarum
361 2511 512 2576 discursu
536 2513 687 2578 lintrium
710 2497 870 2578 cantitata
893 2524 924 2578 et
946 2501 1015 2600 ipse
1040 2516 1158 2580 lactati
1180 2517 1309 2603 tanqui-

173 2614 236 2678 dus
270 2615 381 2699 lapsus
413 2613 559 2678 bumaris
592 2618 734 2680 nauticis
768 2616 955 2702 cuspidibus
980 2617 1186 2694 foraminato
1205 2619 1311 2704 surdi

172 2718 302 2803 plutino
336 2717 578 2796 sordidaretur,
611 2722 648 2782 iu
680 2720 785 2782 medio
819 2719 982 2783 undarum
1005 2719 1204 2798 sitiebamus,
1233 2725 1309 2807 quic

173 2841 333 2906 uusquam
355 2822 405 2885 acl
427 2823 703 2907 aquaeductuum
726 2824 834 2908 liquor
856 2822 985 2908 inteper
1008 2825 1059 2888 uel
1089 2827 1230 2888 cisterna
1253 2825 1310 2907 'de-

166 2921 348 3008 faecabilis
375 2925 426 2987 uel
449 2924 531 3009 sous
559 2925 709 3008 irripuus
731 2925 781 2988 acl
803 2934 921 3009 puteus
942 2926 1070 2989 illimis.

281 3024 326 3090 32.
350 3024 547 3090 Pudicerta
566 3026 667 3090 estin
689 3025 1068 3094 AHbZVUNPV
1091 3027 1198 3093 Paris.
1216 3031 1311 3111 9551,

175 3128 210 3192 in
233 3128 304 3194 FL
320 3129 507 3216 pudicarta,
529 3129 540 3192 i
562 3128 593 3194 R
610 3129 794 3215 padiaertc3
821 3128 1004 3211 distinctio,
1028 3130 1061 3194 in
1084 3132 1117 3195 A
1140 3141 1172 3196 et
1185 3132 1217 3197 V
1233 3142 1312 3220 post

176 3241 268 3294 σαντα
288 3231 481 3316 positarum,
503 3231 537 3294 in
559 3229 595 3296 H
616 3221 734 3317 postea
756 3229 885 3310 additn3
908 3233 941 3296 in
957 3231 988 3297 V
1007 3233 1109 3298 alters
1130 3233 1312 3317 distinctio,

176 3333 211 3398 ni
233 3332 342 3415 fallor⁷
364 3356 447 3418 quae
469 3343 540 3399 erst
560 3334 646 3400 inter
668 3334 732 3399 duo
755 3334 868 3415 verba,
891 3357 985 3400 erasa
1007 3345 1068 3401 est.
1115 3336 1245 3424 Dupisc
1271 3339 1312 3404 ad

176 3435 338 3523 oppidum
360 3437 565 3502 referendum
587 3459 660 3502 esse
682 3438 797 3502 docuit
809 3433 1017 3504 Sirmondus.
1073 3439 1208 3506 Caetera
1224 3464 1310 3528 pars

177 3538 327 3603 scribunt
351 3535 564 3604 Wouwerius
594 3547 627 3604 et
655 3536 792 3621 Savaro,
814 3539 903 3625 quod
933 3543 1077 3607 numeris
1099 3544 1206 3630 magis
1240 3567 1312 3609 ors-

177 3641 280 3706 tionis
302 3663 399 3727 quam
422 3643 603 3710 sententiae
624 3643 821 3729 prodest-
852 3665 957 3728 neque
979 3645 1066 3709 enim
1088 3647 1208 3710 ostium
1229 3645 1312 3712 illud

178 3759 285 3809 catera
303 3767 387 3829 pars
410 3745 502 3811 Padi
534 3752 625 3810 recte
656 3745 777 3811 dicitur
800 3771 852 3824 -3
877 3745 978 3827 Padi,
1002 3759 1090 3812 certa
1107 3772 1201 3834 pars,
1225 3748 1312 3832 quod

178 3847 258 3912 l'erri
281 3849 405 3933 nequit,
427 3848 691 3915 Elmenhorstius
717 3847 843 3930 scribit,
867 3844 1064 3914 Sirmondus
1081 3849 1231 3936 Mignius
1247 3849 1313 3915 Ba-

177 3959 268 4044 retus
302 3959 339 4016 ut
372 3970 473 4037 supra
506 3952 638 4038 scripsi.
681 3951 723 4016 In
751 3972 816 4036 quo
847 3962 937 4016 σαντα
965 3973 1070 4035 neque
1092 3953 1313 4018 necessarium

178 4060 230 4117 est
252 4075 356 4138 neque
377 4075 456 4118 vcro
484 4062 560 4140 apte
588 4053 795 4120 collocatum.
841 4052 961 4118 Tutius
989 4076 1061 4120 mea
1087 4055 1218 4139 quidem
1241 4078 1315 4122 sen·

178 4155 283 4220 tentia
315 4154 379 4220 crit
409 4155 445 4220 in
478 4154 582 4222 sltem
608 4155 666 4221 ills
687 4153 830 4222 lectione
854 4167 960 4222 cetera
983 4157 1200 4240 acquiescere.
1246 4155 1314 4224 Sed

182 4279 299 4322 vereor
332 4281 373 4323 ne
403 4258 491 4323 aliud
525 4259 626 4324 latest
647 4258 816 4337 mendum3
850 4281 911 4346 ego
940 4259 988 4324 ita
1009 4257 1119 4324 locum
1141 4261 1314 4328 restituen-
