3194 4906
337 253 397 318 108

292 440 501 526 Apollinaris
531 451 612 520 tonos,
646 441 710 506 oni
736 440 909 504 etodium
932 441 973 502 in
998 441 1141 504 ceteris
1164 439 1294 520 rebor,
1318 449 1365 502 ost
1386 441 1423 502 in

293 545 353 608 loo
381 556 465 608 corto
497 545 807 628 neplepentiosimos,
842 547 957 630 quippo
981 546 1037 628 qni
1056 547 1266 628 peronipnom
1290 545 1424 606 lootiono

293 659 439 712 tonootnr
473 650 523 712 ool
556 659 682 711 coactns
716 651 765 712 ool
792 649 1007 726 voluntarios,
1036 659 1188 732 qnantum
1212 658 1318 708 tamon
1340 647 1424 709 milii

290 752 431 832 videtur,
464 755 520 835 qui
550 751 702 836 patribus
735 753 779 814 iis
808 752 904 836 inopi
930 771 995 814 non
1028 753 1257 829 remeaverint,
1286 770 1423 834 quornm

291 856 399 919 clodio
432 868 506 918 oooo
535 858 650 918 timori
677 854 841 920 landabile
871 855 999 940 aliquid
1020 858 1057 920 in
1071 855 1168 938 filiis,
1192 857 1266 918 licet
1288 855 1422 941 difficile

285 958 536 1042 persuadeatur,
559 958 731 1044 difficilm
754 957 885 1045 sufficit.

393 1061 457 1126 tlt.
502 1061 556 1126 Ita
589 1060 643 1126 hio
676 1060 770 1125 locus
805 1084 824 1124 a
851 1058 1043 1125 Wouwerio
1079 1055 1255 1124 Sirmondo
1288 1057 1420 1143 Mignio

291 1164 412 1230 Bareto
430 1165 546 1246 editur,
563 1163 693 1228 ethaeo
710 1170 761 1228 est
778 1162 876 1228 leotio
895 1163 1045 1228 codicum
1068 1163 1101 1228 H
1114 1161 1183 1228 ΒΖ
1201 1161 1308 1226 Paris.
1327 1163 1421 1243 2782,

291 1269 385 1349 2783,
414 1269 514 1346 95573
548 1266 606 1331 sed
634 1266 667 1331 in
696 1266 731 1330 H
759 1265 849 1330 aliud
872 1266 944 1348 fuit,
979 1267 1120 1331 etodium
1143 1264 1283 1330 enimin
1307 1285 1421 1330 rasura

291 1370 449 1456 scriptum
484 1377 544 1452 est,
573 1370 651 1434 item
678 1369 978 1454 oopleqentisoimns
1002 1369 1063 1454 (ita
1084 1393 1122 1434 ex
1146 1368 1266 1433 ΑΗΕ
1290 1367 1421 1452 scripsi,

290 1497 356 1538 non
379 1476 689 1560 noqlipontiooimns)
713 1473 819 1538 tribus
841 1473 958 1559 primis
981 1472 1101 1536 litteris
1125 1471 1282 1557 exeeptis.
1327 1470 1368 1535 In
1391 1469 1419 1533 P

290 1586 323 1641 ot
350 1577 424 1641 aliis
453 1576 561 1642 verbis
595 1576 699 1641 erasis
722 1576 756 1640 in
779 1577 807 1640 F
830 1575 893 1640 hoe
917 1584 1082 1640 exaratum
1105 1582 1170 1639 est:
1205 1578 1267 1639 etsi
1289 1576 1421 1659 Apolli-

289 1684 382 1744 naris
406 1691 477 1746 tnns
501 1701 570 1743 oum
593 1682 629 1743 in
653 1683 767 1744 ootoris
790 1680 883 1744 reboo
907 1691 973 1744 lom
991 1690 1037 1743 ost
1053 1681 1089 1742 in
1109 1679 1168 1740 loo
1184 1685 1217 1741 et
1232 1700 1263 1762 q.
1277 1699 1315 1771 s.²
1332 1676 1418 1762 quod

290 1791 483 1871 receperunt
518 1779 643 1848 Savaro
676 1781 1013 1866 Elmenhorstiusque.
1062 1781 1115 1845 Ex
1141 1780 1174 1843 A
1196 1779 1279 1843 illud
1301 1787 1334 1844 et
1356 1802 1418 1865 ego

289 1895 322 1951 et
354 1887 488 1952 Manius
521 1886 765 1951 adnotavimus:
799 1889 861 1950 etsi
887 1887 1094 1971 Apollinaris
1122 1897 1194 1948 tuns
1222 1886 1310 1948 onius
1339 1872 1418 1946 ons.

291 1999 329 2055 ori
351 2000 365 2052 ῑ
386 1993 502 2055 ceteris
523 1990 617 2054 robor
641 2000 697 2071 ost,
718 1993 755 2053 in
778 1990 837 2053 loo
860 2002 945 2053 corto
967 1989 1275 2072 noplopontiosirnns.
1314 1983 1419 2050 Wou·

290 2093 409 2158 werius
432 2092 514 2157 nihil
538 2091 689 2170 adnotat3
724 2087 918 2156 Sirmondus
942 2114 981 2155 ex
1005 2089 1175 2156 codicibus
1198 2089 1307 2154 adfert
1330 2093 1418 2154 coins

290 2200 416 2261 animos
439 2219 509 2262 onon
531 2199 567 2259 in
591 2198 706 2260 notorio
728 2196 832 2274 robor,
857 2208 923 2258 tom
946 2206 993 2258 oet
1016 2197 1050 2257 in
1075 2195 1134 2258 loo
1152 2205 1236 2258 corto
1253 2195 1418 2279 neqlipon-

199 2373 201 2378 ,
290 2303 443 2366 tissimus.
489 2300 529 2365 In
563 2298 742 2385 archetypo
777 2298 919 2364 studione
944 2295 1026 2361 illud
1054 2318 1120 2360 non
1143 2296 1248 2360 fuisse
1271 2303 1418 2380 apparet,

290 2404 347 2470 sed
371 2411 479 2468 ortum
501 2424 574 2467 esse
608 2400 801 2466 emendandi
825 2409 953 2466 conatu.
1000 2395 1067 2481 Qui
1089 2397 1219 2485 quidem
1241 2398 1348 2462 minus
1373 2398 1417 2462 fe·

287 2507 333 2572 lix
355 2506 495 2587 videtur,
518 2527 590 2570 eum
613 2517 659 2569 ost
681 2503 765 2569 mole
787 2504 820 2567 in
843 2503 900 2567 illa
923 2502 1086 2568 sententia
1107 2501 1286 2582 omittatur,
1308 2500 1343 2564 in
1367 2521 1417 2564 se-

287 2610 399 2695 quenti
432 2608 587 2673 continuo
621 2615 772 2694 ponatur.
819 2602 885 2671 Sed
917 2605 1019 2671 multo
1054 2605 1147 2691 peius
1176 2602 1211 2668 id
1239 2611 1300 2685 est,
1328 2602 1416 2687 quod

289 2709 483 2777 Sirmondus
506 2710 625 2792 attulit,
648 2732 711 2795 quo
740 2709 880 2795 probato
913 2706 1120 2774 intolerabile
1142 2705 1275 2771 exsistit
1297 2728 1416 2770 anaco-

287 2815 413 2880 luthon.
457 2814 590 2895 Melius,
614 2835 678 2877 non
701 2812 822 2876 rectius
845 2812 856 2874 i
880 2811 907 2876 F
931 2810 1044 2876 codice
1068 2814 1157 2874 coins
1180 2810 1307 2873 animno
1331 2807 1415 2873 dele-

287 2927 349 2982 tur.
393 2918 467 3004 Ego
490 2917 575 2981 hano
597 2925 677 3002 puto
701 2915 805 2979 fuisse
827 2914 997 3000 archetypi
1019 2913 1206 2978 lectionem:
1231 2914 1292 2977 otoi
1315 2914 1416 2996 Apol·

288 3025 406 3088 linario
431 3036 512 3102 tono,
541 3022 630 3084 coins
654 3023 779 3082 animos
803 3022 908 3082 iooot
931 3029 965 3081 ot
989 3021 1024 3078 in
1047 3020 1161 3082 ceteris
1183 3016 1287 3094 rebor,
1311 3027 1357 3078 ost
1378 3017 1415 3078 in

288 3126 346 3190 loo
370 3136 453 3192 corto
475 3125 784 3209 neolopentiosirnnn
807 3121 841 3184 in
865 3144 928 3206 qua
951 3120 1061 3183 omnia
1083 3119 1205 3206 optime
1229 3117 1414 3183 cohaerent.

286 3226 397 3292 Iacere
422 3226 507 3292 enim
529 3225 689 3290 desidiosi
711 3234 745 3289 et
761 3226 872 3309 segnis
887 3230 947 3306 est,
971 3228 1004 3285 et
1027 3226 1169 3286 animnos
1183 3243 1276 3286 snum
1292 3232 1414 3285 notura

287 3332 575 3396 desidiosissimum
599 3325 757 3393 Sidonius
780 3328 853 3412 ipse
877 3350 928 3412 ep.
953 3325 1004 3391 IV
1030 3329 1066 3388 ll
1096 3326 1187 3413 (302)
1211 3324 1305 3389 dixit.

388 3641 453 3728 Ep.
476 3638 531 3705 IX
553 3640 572 3704 3
596 3639 700 3724 (452).
745 3637 864 3702 Soroat
887 3637 1146 3700 consuetudinem
1169 3656 1259 3699 onom
1283 3635 1413 3720 tornfo·

286 3746 405 3812 oooodio
438 3755 548 3810 oestro
581 3762 676 3827 qoam
703 3742 825 3828 pietas,
854 3751 948 3825 otqno
976 3738 1013 3802 ob
1043 3739 1101 3803 loo
1122 3737 1307 3824 pranditor,
1331 3738 1414 3824 qood

286 3851 437 3914 diserto
465 3845 667 3927 scribitis,
696 3845 856 3930 oloqoiom
879 3842 1133 3926 concipimus,
1158 3841 1242 3927 qood
1266 3841 1412 3918 libenter,

285 3954 440 4042 affectum.

387 4056 452 4121 tto.
496 4055 548 4119 Ita
571 4053 679 4118 locum
701 4050 940 4116 restituendum
963 4070 1124 4114 essenon
1148 4041 1354 4126 Sirmondus,
1376 4053 1413 4109 ut

285 4160 332 4224 ait
352 4160 503 4240 Baretus‚
525 4157 650 4244 primus
673 4155 770 4237 vidit,
794 4154 853 4220 sed
874 4155 938 4218 iam
960 4153 1102 4218 Vinctus
1126 4157 1182 4214 aut
1204 4157 1291 4215 certe
1306 4148 1413 4215 Wou·

285 4263 414 4346 werius,
446 4262 502 4346 qui
536 4261 683 4325 scribitis
715 4258 750 4321 in
780 4257 874 4324 libris
909 4278 944 4320 se
977 4253 1163 4342 repperisse
1196 4252 1288 4318 dicit.
1337 4252 1411 4340 Ego
