3186 4900
324 261 384 324 112

378 445 442 511 385.
490 415 725 513 Tianscribore
753 448 883 533 scripsi,
905 449 940 512 in
962 448 995 511 A
1017 455 1125 514 tamen
1153 447 1243 514 aliud
1265 469 1279 512 s
1308 468 1408 532 super

242 633 244 640 Ι
276 549 406 632 lineam,
428 550 463 614 in
486 550 520 615 H
543 573 602 616 suo
626 551 700 617 loco
724 551 871 637 positum
893 558 953 615 est.

377 857 440 944 Ep.
465 857 519 924 IX
531 860 550 921 9
563 860 666 943 (448).
696 857 761 923 Sed
769 871 844 944 post
856 860 936 922 duos
954 871 1011 924 aut
1029 860 1069 924 111
1075 883 1089 922 0
1113 863 1253 944 amplius
1275 881 1406 940 mansas,

275 962 323 1024 sic
345 982 464 1047 quaqua
488 985 508 1024 a
530 961 622 1026 uobis
647 963 710 1025 aito
727 963 913 1048 profectum
937 985 1006 1026 oum
1035 967 1212 1049 quipiam
1237 964 1408 1048 prodidis-

276 1075 345 1126 sent
377 1066 415 1128 de
448 1065 632 1128 uiatoribus
666 1068 817 1152 mysticae
850 1088 949 1152 patae
981 1067 1102 1132 ¹olauais
1123 1068 1300 1132 involucris
1324 1071 1408 1133 clam

273 1169 362 1246 forne
387 1169 563 1248 thesauros,
571 1168 761 1253 pernicibus
784 1171 872 1256 epiris
895 1174 1056 1235 insecutus
1080 1171 1256 1252 abeuntem,
1280 1176 1336 1259 qui
1348 1172 1408 1258 fa·

276 1273 334 1335 cilo
353 1275 512 1356 possint
534 1275 667 1336 itineris
687 1277 841 1358 pridiani
863 1278 972 1357 spatia
992 1288 1212 1360 praevortere,
1237 1279 1341 1341 osculo
1370 1281 1405 1340 in

266 1374 381 1460 fauces
405 1379 553 1461 occupati
576 1379 715 1441 latronis
738 1380 886 1442 insilui
909 1378 1045 1441 bumana
1069 1383 1151 1461 ioca,
1174 1393 1266 1464 pastu
1279 1380 1407 1466 ferino,

275 1481 377 1542 uoluti
398 1482 428 1542 si
444 1501 615 1544 aaoussura
627 1502 849 1568 quemcumque
866 1484 1048 1546 catulorum
1060 1481 1187 1547 Parthi
1208 1485 1312 1548 colla
1330 1506 1408 1568 rop-

276 1584 359 1646 toris
379 1583 459 1666 peda
482 1583 645 1647 volatili
669 1586 768 1668 tipris
792 1585 907 1648 orbata
930 1589 1148 1670 surpereminet.

378 1684 442 1750 3811.
486 1684 552 1750 Η10
575 1693 609 1750 et
629 1687 728 1772 paulo
752 1696 831 1773 post
853 1693 982 1772 possint
1005 1688 1192 1754 dubitanter
1217 1690 1336 1775 scripsi
1367 1712 1406 1753 ex

275 1788 308 1851 A
336 1796 369 1851 et
395 1787 445 1862 Η;
479 1791 523 1852 iis
557 1811 669 1854 ornnes
704 1789 847 1855 editores
875 1789 1407 1879 00115001,οο010018100001100

276 1891 425 1978 Mignius
449 1892 600 1956 Baretus.
626 1889 693 1957 Sed
711 1892 922 1958 cohaerentes
935 1894 1075 1979 quodam
1087 1895 1185 1960 modo
1198 1894 1335 1959 duorum
1347 1919 1407 1981 op-

276 1996 427 2059 timorum
441 1995 590 2060 codicum
603 1997 876 2062 consentientium
888 1998 1045 2062 lectiones
1059 2021 1124 2061 non
1137 1999 1247 2084 inepte
1260 1997 1300 2062 ad
1313 2021 1408 2084 prac-

276 2121 351 2164 sens
374 2107 503 2185 tempus
526 2098 641 2163 referri
664 2098 824 2163 videntur.

378 2219 442 2284 381.
476 2218 664 2304 Quippiam,
689 2218 777 2302 quod
799 2219 833 2283 in
856 2220 887 2282 A
910 2220 1052 2306 repperi,
1075 2221 1195 2286 retinet
1216 2230 1249 2287 et
1278 2218 1405 2286 Savaro

275 2334 308 2388 et
329 2321 604 2388 Elmenhorstius.
649 2322 865 2387 Manifestum
888 2331 938 2386 est
959 2322 1085 2387 vitium.

377 2425 441 2491 388.
485 2423 608 2490 Insilui
630 2449 668 2489 ex
691 2426 724 2489 A
746 2425 825 2490 etH
842 2424 1048 2490 scribendum
1072 2425 1216 2505 videtur3
1239 2427 1273 2491 id
1295 2435 1404 2493 tamen

186 2534 188 2537 ’
274 2530 309 2595 Η
332 2529 457 2594 codicis
481 2529 680 2616 scriptoria
703 2531 814 2593 insilii
836 2529 983 2610 mutavit,
1006 2527 1130 2612 quoda
1149 2527 1405 2594 SirmondoBa-

275 2641 408 2718 retoque
431 2640 598 2718 receptum
621 2642 685 2697 est:
715 2632 837 2696 insiliit
860 2655 898 2696 ex
923 2625 1041 2695 Claud.
1065 2632 1099 2694 in
1122 2632 1197 2697 Rus.
1221 2633 1239 2696 Ι
1262 2635 1324 2697 349
1347 2634 1405 2697 ad-

274 2737 386 2818 fertur,
410 2735 467 2801 sed
501 2735 564 2801 hoc
587 2737 661 2822 ipso
690 2735 764 2801 loco
788 2736 872 2800 Lud.
896 2735 1029 2820 Ieepius
1053 2742 1141 2798 recte
1165 2736 1301 2822 scripsit
1323 2741 1404 2801 insi·

275 2843 346 2920 luit,
369 2839 456 2924 quod
480 2848 531 2904 est
553 2839 587 2902 in
610 2840 774 2924 excerptis
807 2837 1023 2903 Lucensibus
1068 2838 1120 2902 Ex
1142 2838 1260 2902 iisdem
1284 2833 1403 2904 Claud.

274 2946 307 3008 in
329 2944 405 3010 Ruf.
430 2945 467 3009 ΙΙ
491 2945 552 3007 339
577 2946 709 3008 desiluit
738 2943 902 3022 scribitur,
921 2945 1081 3026 prosiluit
1111 2942 1242 3028 Ieepius
1266 2968 1304 3006 ex
1329 2943 1403 3007 aliis

274 3047 444 3113 codicibus
469 3048 585 3129 adfert,
604 3050 755 3134 prosiliit
785 3071 824 3110 ex
846 3046 956 3110 Vatia.
981 3046 1075 3126 3289,
1098 3046 1153 3130 qui
1182 3044 1325 3110 deterior
1347 3046 1405 3110 ha-

275 3151 378 3232 betur,
400 3151 473 3237 ipse
496 3151 660 3214 adnotavi.
704 3151 750 3214 Et
774 3146 904 3213 Sidonii
934 3172 1031 3212 carm.
1057 3150 1086 3229 7,
1113 3149 1172 3212 18⁶2
1197 3151 1288 3233 (499)
1312 3150 1345 3212 in
1369 3149 1404 3213 H

274 3255 412 3319 dissiliit
447 3255 606 3340 scriptum
639 3261 700 3335 est,
723 3253 757 3315 in
779 3253 812 3315 A
835 3275 910 3314 vero
940 3253 1097 3315 dissiluit.
1142 3248 1346 3336 Quicmquam
1369 3253 1404 3316 in

274 3359 336 3423 hac
358 3381 392 3422 re
427 3356 670 3423 concedendum
692 3364 744 3421 est
773 3363 895 3420 certam
918 3355 1077 3420 rationem
1102 3356 1315 3420 constitutam
1338 3378 1404 3419 non

274 3485 346 3528 esse
369 3485 429 3526 neo
452 3481 552 3547 posse
574 3460 672 3524 facile
696 3459 863 3524 constitui.
1080 3453 1085 3458 ’
1415 3456 1417 3461 ’

376 3566 440 3630 388.
487 3561 578 3628 Colla
611 3565 645 3627 in
668 3563 700 3627 A
734 3572 767 3627 et
799 3563 833 3627 H
856 3570 917 3644 est,
940 3564 973 3626 in
1002 3562 1064 3628 hoo
1097 3564 1225 3627 litterae
1249 3586 1268 3625 a
1291 3585 1404 3647 super-

275 3674 433 3756 scriptum
457 3693 484 3748 o,
509 3671 590 3733 collo
615 3664 740 3731 Savaro
767 3663 1276 3752 SirmondusMigniusBaretus
1300 3665 1403 3750 scrip-

275 3783 396 3840 serunt.
431 3771 699 3858 Supercmioondi
723 3771 855 3834 verbum
878 3793 917 3832 ex
939 3793 1004 3833 uno
1028 3769 1100 3833 solo
1123 3769 1197 3832 1000
1216 3764 1345 3830 Sidonii
1369 3767 1402 3830 in

274 3877 389 3942 lexicis
412 3875 533 3940 adferri
569 3875 653 3939 solet
687 3897 786 3938 carm.
812 3876 860 3955 15,
896 3876 935 3937 75
960 3874 1051 3960 (552)
1076 3873 1151 3934 bina
1165 3873 1247 3953 fiori
1268 3880 1303 3933 ut
1328 3880 1403 3932 tor-

274 4005 357 4045 raru
391 3982 493 4044 leuior
518 3979 756 4062 supermicat
789 3978 887 4058 undo,
909 3976 964 4040 ubi
988 3997 1060 4039 cum
1085 3973 1273 4038 accusativo
1297 3971 1404 4056 iungi·

274 4095 336 4150 tur.
382 4081 448 4147 Sed
470 4082 639 4148 librarium
663 4081 801 4145 offendit
822 4079 959 4166 pluralis
984 4080 1077 4157 oolla,
1090 4077 1182 4142 arrius
1201 4097 1279 4139 usus
1297 4098 1404 4138 exem-

275 4189 330 4274 pla
352 4210 391 4251 ex
415 4187 592 4250 carminum
617 4193 704 4250 certe
728 4183 944 4270 scriptoribus
972 4180 1073 4245 multa
1107 4178 1227 4243 adferri
1251 4186 1403 4264 possunt,

275 4299 311 4356 ut
332 4313 372 4354 ex
394 4289 535 4354 Horatio
560 4297 620 4354 sat.
645 4289 682 4353 II
699 4289 728 4370 7,
742 4289 781 4350 92
805 4289 893 4372 oripo
918 4288 1009 4369 turpi
1032 4285 1136 4348 colla
1154 4287 1243 4366 109ος
1254 4282 1288 4344 in
1301 4278 1401 4344 Ovid.
