3186 4900
292 283 332 344 76

248 473 324 534 iam
358 474 550 535 eoueecrari.
604 472 655 536 Ad
682 493 762 556 quac
789 473 881 558 ferta
915 496 969 536 000
997 477 1076 556 cati,
1105 482 1162 537 aas
1186 476 1377 556 ministerii,

249 574 351 659 officit
373 578 499 654 multoe,
516 575 598 654 fidei
620 586 703 638 totos
726 598 822 640 cauea
847 579 1015 642 sollicitat.

350 677 414 741 266.
458 677 569 743 Verba
590 679 640 741 ita
663 679 819 744 bonorum
842 681 1050 745 contubernio
1076 682 1158 746 aedit
1182 681 1378 746 auctoritato

248 780 397 846 codicum
420 781 451 846 A
463 780 497 844 H
509 780 540 846 R
552 780 578 844 Z
590 781 623 848 V
635 779 667 846 U
682 781 717 846 X
739 783 900 869 impulsus
924 805 983 848 suo
1006 783 1081 849 loco
1105 784 1212 870 posui,
1236 783 1315 848 item
1334 784 1380 848 fe·

249 891 362 950 cerunt
391 880 515 948 Savaro
538 884 880 971 Elmenhorstiusque,
902 910 1094 972 quamquam
1118 887 1170 951 hic
1199 887 1379 952 sententias

248 987 330 1052 male
354 987 482 1052 dividit.
517 980 744 1078 Olratelainius
768 1011 1020 1075 quoqueveram
1037 990 1078 1054 de
1096 990 1249 1060 hocloco
1268 997 1380 1075 protu-

247 1089 287 1153 lit
310 1090 513 1155 sententiam.
549 1084 662 1155 Ceteri
685 1091 742 1155 illa
764 1093 866 1157 verba
888 1101 966 1178 post
988 1097 1117 1158 aeuitur
1140 1101 1277 1180 ponunt,
1294 1115 1379 1158 com-

247 1193 376 1260 modius
400 1193 482 1257 illud
504 1192 633 1276 quidem
655 1216 750 1278 quam
775 1190 905 1260 Sidonii
928 1197 1040 1283 generi
1064 1195 1228 1261 scribendi
1252 1218 1379 1261 accom-

249 1296 421 1360 modatius.
466 1293 678 1361 Wouwerius
701 1304 809 1361 tamen
833 1321 944 1362 verum
968 1321 1006 1362 cx
1030 1302 1048 1362 2
1072 1300 1161 1366 Vict.
1185 1298 1299 1363 adfert.

349 1399 413 1463 266.
459 1401 575 1479 Simul,
597 1398 685 1484 quod
708 1401 742 1463 in
766 1423 828 1465 uno
852 1402 885 1465 A
908 1402 1022 1466 codice
1045 1403 1186 1489 repperi,
1209 1424 1275 1465 non
1296 1395 1379 1465 ueri-

248 1510 300 1565 tus
324 1524 394 1566 sum
418 1502 575 1581 scribere3
599 1502 662 1568 hoc
685 1504 771 1568 enirn
794 1504 917 1589 optime
940 1505 1002 1568 toti
1026 1505 1102 1569 huic
1117 1506 1192 1570 loco
1210 1505 1377 1570 convenit.

249 1603 324 1668 Uno
346 1614 441 1689 atque
463 1604 577 1669 eodem
600 1613 746 1691 tempore
769 1607 919 1672 omnibus
944 1604 1102 1673 Sidonius
1127 1608 1209 1674 dicit
1232 1616 1298 1671 tam
1314 1607 1380 1672 lae-

248 1717 315 1772 tum
338 1708 521 1772 innotuisse
545 1709 702 1772 nuntium.
737 1707 844 1774 Simul
867 1710 992 1776 librarii
1017 1711 1073 1775 alii
1097 1734 1161 1774 noa
1178 1710 1379 1775 intellectum

248 1811 438 1892 omiserunt,
460 1810 548 1895 quod
571 1812 693 1876 factum
716 1821 765 1877 est
790 1814 822 1878 in
846 1813 882 1878 X
905 1814 1029 1895 codice,
1052 1814 1107 1878 alii
1132 1837 1197 1878 000
1221 1823 1309 1879 recte
1331 1814 1380 1877 in-

248 1922 460 2000 terpretatum
492 1922 548 1979 aut
581 1916 613 1979 in
649 1920 794 1999 eiruulac,
822 1917 909 2002 quod
937 1941 976 1982 ex
1005 1916 1133 1982 duobus
1156 1917 1249 1982 libris
1273 1916 1380 1981 adfert

248 2015 471 2099 Wouwerius,
490 2026 545 2083 aut
562 2020 596 2083 in
611 2033 792 2105 postquam,
816 2023 903 2106 quod
926 2030 977 2085 est
999 2021 1031 2085 in
1050 2020 1084 2084 H
1096 2020 1126 2085 R
1139 2017 1254 2101 ZVU,
1277 2027 1380 2083 muta-

248 2128 372 2185 verunt.
417 2119 493 2186 Hoc
515 2122 697 2190 editoribus
721 2124 855 2210 placuit.
891 2121 990 2206 Quod
1014 2125 1042 2188 si
1065 2123 1305 2204 retinuerimus,
1321 2122 1380 2186 mi-

248 2247 319 2287 rum
346 2234 501 2307 quantum
525 2226 685 2292 fervorem
708 2228 809 2310 illum,
832 2227 1030 2312 quambene
1054 2226 1202 2312 depinxit
1226 2225 1379 2312 scriptor,

249 2325 471 2412 undecumque
495 2327 740 2394 adventantium
764 2331 990 2418 refrigeratum
1014 2331 1202 2394 sentiemus.

280 2429 282 2433 ’
352 2430 416 2496 267.
462 2431 562 2497 Posse
595 2438 662 2498 ianr
696 2457 735 2498 ex
758 2435 881 2499 AHV
904 2433 1035 2520 scripsi,
1062 2455 1144 2518 quae
1166 2433 1298 2496 inverso
1321 2453 1381 2516 po-

251 2542 332 2600 nunt
352 2534 467 2600 ordine
488 2534 700 2603 Wouwerius
726 2535 920 2604 Sirmondus
942 2538 1091 2624 Mignius
1115 2537 1265 2601 Barctus.

353 2850 416 2936 Ep.
442 2849 493 2916 IV
521 2851 556 2913 16
580 2849 684 2935 (295).
720 2846 840 2932 Accepi
856 2869 920 2932 per
939 2846 1203 2911 Paterninum
1223 2851 1382 2934 paptuam

252 2965 403 3035 cestram,
426 2975 505 3038 quae
523 2956 600 3040 plue
622 2955 727 3017 mellis
752 2975 794 3014 au
817 2954 897 3015 salia
921 2951 1036 3015 lrabeat
1059 2955 1218 3016 incertum
1234 2964 1289 3016 eat.
1328 2954 1383 3016 (fe-

253 3069 357 3121 tarum
380 3060 501 3143 eloquii
524 3061 649 3142 copiam
673 3057 755 3120 10000
772 3056 932 3139 praefert,
957 3056 1012 3118 600
1036 3057 1099 3120 olet
1113 3056 1225 3141 flores,
1248 3067 1284 3120 ut
1307 3057 1382 3120 brae

251 3171 411 3246 appareat
432 3182 497 3223 aaa
518 3183 572 3224 uoe
596 3158 769 3245 manifesta
791 3159 895 3236 modo,
919 3179 1030 3221 aarum
1043 3161 1210 3246 furtiua
1233 3179 1382 3245 quoque

253 3267 386 3328 tectione
404 3263 573 3346 proficere.
608 3262 810 3346 Quamquam
833 3273 862 3324 et
886 3260 954 3324 600
967 3261 1139 3348 furtum,
1163 3261 1247 3348 quod
1271 3262 1383 3345 depre-

253 3371 350 3447 caris,
375 3366 549 3452 raemplati
571 3366 675 3430 libelli
696 3388 761 3428 000
783 3367 877 3426 reaia
900 3374 967 3427 tam
984 3365 1096 3428 debeat
1113 3370 1271 3448 respicere
1287 3386 1383 3449 quam

252 3476 371 3556 960060.
1218 3537 1221 3546 λ

355 3575 420 3640 tt8.
469 3574 701 3638 Pateraium
730 3595 795 3636 non
819 3571 923 3636 solum
945 3572 979 3635 in
1002 3572 1035 3636 V
1059 3571 1300 3657 scriptumest,
1325 3571 1382 3636 sed

254 3680 316 3744 fuit
344 3679 442 3743 etiam
470 3678 503 3741 in
533 3677 580 3755 A,
608 3700 682 3740 nam
704 3699 726 3736 u
749 3675 940 3757 recentiore,
970 3674 1002 3738 ni
1032 3673 1139 3755 fallor,
1173 3698 1268 3738 manu
1292 3673 1383 3739 addi-

252 3790 321 3846 tum
344 3789 404 3847 est.
440 3782 480 3847 In
503 3804 537 3844 re
560 3780 658 3845 dubia
681 3778 825 3846 editores
847 3786 956 3843 tamen
981 3779 1071 3863 sequi
1095 3778 1193 3842 malui
1216 3801 1311 3863 quam
1328 3800 1383 3843 co-

254 3885 362 3950 dicum
386 3907 451 3949 non
474 3905 611 3970 prorsus
636 3883 734 3947 certis
758 3882 957 3945 testimoniis
981 3881 1154 3946 confidere.

355 3988 419 4053 266.
469 3986 586 4052 Verum
599 3988 764 4075 furtiva
789 4007 952 4073 quoque,
975 3984 1062 4070 quod
1086 3993 1137 4049 est
1160 3981 1382 4064 inARVU,

255 4091 461 4157 scribendum
484 4092 547 4156 iam
572 4084 800 4156 Chatelainius
824 4090 965 4167 monuit3
988 4089 1022 4152 in
1046 4088 1079 4152 H
1093 4088 1119 4151 Z
1131 4087 1167 4152 X
1182 4109 1291 4152 verram
1308 4109 1382 4174 quo-

254 4218 311 4283 que
335 4197 470 4281 furtiua
504 4195 662 4281 scriptum
698 4202 759 4275 cst,
795 4195 893 4278 idque
927 4187 1088 4256 Savaroni
1121 4189 1382 4256 Elmenhorstio·

253 4321 315 4384 que
337 4298 473 4385 placuit,
496 4321 556 4363 nec
579 4299 699 4364 desunt
720 4298 754 4362 in
778 4297 913 4383 scriptis
932 4291 1062 4360 Sidonii
1078 4293 1169 4360 verbi
1185 4314 1306 4382 quoque
1322 4293 1382 4359 tali
