3186 4900
336 273 377 336 98

294 461 365 523 sola
388 460 564 546 corrigenti
586 447 734 524 debetur.
758 459 970 526 Wouwerins
994 485 1033 525 ex
1052 469 1205 545 sarrattuor
1225 463 1318 527 libris
1342 488 1426 550 sup-

178 599 184 610 ·
291 567 523 649 perimuntur
546 562 664 645 adfert,
688 587 727 628 ex
750 561 830 650 Opt.
855 558 895 628 C.
920 578 1063 652 quanto
1088 567 1154 630 sab
1179 578 1261 630 rete
1282 573 1426 651 premi-

295 671 356 744 tis,
379 666 414 730 id
436 667 544 752 ipsum
568 689 630 752 ego
654 667 687 730 in
710 667 743 731 A
766 667 881 732 codiee
905 668 1036 753 repperi
1061 669 1109 732 sio
1132 669 1291 755 scriptam
1306 685 1425 756 quanto

295 771 350 834 sul
386 767 561 856 rdepmitis
595 757 657 854 ip-z'
691 770 742 833 Ex
766 769 884 854 quibus
910 771 1021 835 nescio
1046 795 1086 834 aa
1110 794 1148 834 ea
1171 774 1333 837 sententia
1356 797 1427 837 eru-

296 873 378 938 enda
401 873 455 955 sit,
478 895 573 956 quam
597 873 695 938 verbo
716 875 966 958 supprimuntur
983 896 1170 960 expressam
1187 876 1427 960 inquibasdam

296 975 388 1040 libris
412 975 562 1040 vidimus.
608 976 694 1040 Nam
716 976 816 1062 paulo
851 984 924 1042 ante
958 977 1042 1041 dixit
1076 974 1248 1042 Sidonias:
1283 981 1428 1065 equidem

297 1089 366 1143 cum
389 1081 523 1143 clericus
548 1081 677 1167 quisque
700 1081 899 1166 defunqitur,
913 1084 942 1144 si
959 1081 1180 1146 benedictione
1197 1083 1348 1146 succidua
1365 1105 1429 1146 non

297 1186 438 1268 accipiat
461 1182 637 1268 diqnitatis
661 1183 816 1261 heredem,
839 1187 960 1248 inille
984 1186 1116 1248 ecclesia
1134 1187 1350 1249 sacerdotium
1366 1208 1431 1248 mo-

298 1288 397 1366 ritur,
421 1308 486 1350 non
509 1287 658 1350 sacerdos
681 1295 715 1350 et
735 1287 833 1372 paulo
857 1295 936 1373 post
958 1294 1055 1374 rogat
1077 1295 1114 1351 at
1130 1292 1322 1373 episcopalis
1342 1290 1431 1352 ordi-

298 1394 388 1452 natio
406 1392 641 1474 permutatur,-
673 1389 761 1473 quod
794 1390 985 1475 priusquam
1018 1390 1120 1473 fieret,
1144 1393 1432 1477 supprimebantur

299 1491 350 1556 vel
373 1491 615 1572 inhibebantur,
650 1494 754 1556 atita
787 1492 904 1574 dicam,
928 1493 1088 1580 episcopi.
1135 1494 1262 1577 Itaque,
1285 1517 1358 1558 eam
1380 1495 1430 1557 ni-

298 1596 359 1658 mis
395 1601 502 1658 audax
526 1594 605 1659 talis
630 1595 674 1658 sit
697 1594 890 1660 coniectura
913 1609 1049 1682 quantos
1073 1597 1256 1681 scebroqare
1278 1610 1434 1682 praeter-

298 1701 431 1761 mittitis
455 1701 628 1783 episcopos,
652 1698 684 1761 A
707 1697 834 1762 codicis
851 1696 994 1763 lectione
1011 1698 1180 1784 paululum
1203 1708 1331 1764 mutata
1354 1702 1435 1766 sori-

299 1800 441 1866 bendum
452 1808 532 1885 puto
545 1812 710 1884 quantos
728 1801 783 1865 sub
797 1812 864 1865 rete
874 1802 1031 1886 premitis
1044 1805 1106 1887 epi
1113 1824 1174 1866 sco
1177 1825 1258 1888 pos.
1287 1801 1434 1867 Verbum

300 1915 367 1967 rete
391 1901 455 1966 hoo
478 1902 575 1966 modo
601 1926 619 1966 a
643 1899 782 1967 Sidonio
805 1904 885 1988 poni
907 1904 1058 1989 potuisse
1081 1927 1121 1968 ex
1144 1927 1183 1970 eo
1200 1904 1434 1991 eollig0‚quod

302 2006 367 2070 alio
390 2005 465 2069 loeo
488 2005 650 2070 translato
674 2028 772 2070 sensa
795 2006 830 2070 id
853 2007 949 2092 ponit
960 2005 1023 2071 hoe
1039 2007 1154 2072 modo:
1173 2031 1224 2093 ep.
1238 2009 1275 2072 II
1293 2010 1328 2071 12
1343 2009 1434 2092 (227)
1538 2058 1543 2068 .

302 2109 356 2173 sed
379 2108 473 2172 ciebis
501 2110 637 2187 ueniam,
667 2109 751 2193 quod
773 2111 933 2172 incitanti
957 2110 1019 2173 tibi
1040 2113 1076 2173 in
1093 2113 1310 2196 piscationem
1334 2133 1434 2175 comes

303 2215 412 2275 uenire
446 2211 625 2293 dissimula,
648 2231 782 2296 namque
816 2233 863 2275 me
898 2214 997 2276 multo
1032 2213 1288 2288 decumbentibus
1311 2216 1435 2277 nostris

302 2316 470 2380 calidiora
492 2319 690 2378 maeroris
713 2317 820 2378 retia
845 2326 987 2394 tenent,
1011 2329 1188 2400 quaesunt
1216 2319 1329 2380 amicis
1359 2339 1435 2404 qao-

304 2440 361 2504 que
384 2427 415 2480 el
438 2423 578 2481 euternis
611 2419 838 2482 indolescenda
871 2426 904 2482 et
931 2417 1082 2482 similiter
1109 2441 1160 2504 ep.
1183 2419 1274 2485 VIII
1298 2420 1316 2481 9
1340 2419 1433 2505 (419)

304 2523 392 2584 nosti
424 2524 508 2584 enim
534 2521 638 2606 prole
673 2525 834 2586 laetitiam
862 2534 1046 2608 poetarum,
1069 2544 1205 2607 quorum
1233 2528 1279 2586 sic
1302 2525 1437 2609 incenia

304 2623 518 2707 maeroribus,
540 2637 576 2688 ut
597 2625 749 2711 pisciculi
770 2626 922 2689 retibus
951 2629 1206 2690 amiciantur.
1252 2619 1437 2690 Conferen-

305 2728 380 2790 dum
403 2727 485 2791 illud
508 2749 635 2813 qaoque
659 2735 710 2792 est
737 2727 924 2793 Plinianum
943 2732 1010 2814 (ep.
1035 2729 1072 2792 ΙΙ
1096 2730 1126 2809 8,
1150 2731 1200 2813 2):
1225 2749 1435 2814 numquamne

307 2831 362 2894 los
397 2836 581 2896 artissimos
615 2834 785 2918 laqueos,
820 2834 849 2895 si
888 2835 1009 2896 soluere
1043 2843 1193 2917 necatur,
1226 2831 1437 2918 abrumpam?

306 2957 487 3022 numquam,
508 2948 604 3020 putc‚·
627 2957 702 2998 nam
724 2935 885 3000 ueteribus
908 2937 1049 3020 neqotiis
1067 2958 1150 2999 noea
1168 2935 1438 3014 adcrementum

307 3053 413 3103 tamen
433 3041 553 3124 priora
569 3033 798 3125 persenniae:
821 3052 869 3103 tet
891 3039 1035 3120 necibus,
1059 3051 1106 3102 tot
1124 3042 1217 3125 quasi
1233 3041 1354 3103 catenis
1371 3061 1438 3100 ma·

308 3147 358 3207 ius
380 3146 416 3206 in
439 3142 507 3206 dies
531 3146 775 3226 occupationum
792 3165 906 3228 aquen
922 3142 1118 3220 entenditur,
1131 3163 1191 3206 neo
1207 3145 1343 3226 prorsas
1361 3141 1440 3204 alie-

310 3267 371 3309 nas
394 3254 445 3310 est
466 3244 560 3310 loeus
584 3239 758 3310 Ciceronis
783 3247 879 3310 Verr.
904 3245 941 3310 II
965 3249 995 3326 5,
1019 3247 1070 3327 58,
1097 3247 1156 3313 150
1183 3269 1266 3310 nunc
1295 3246 1357 3309 tibi
1379 3267 1438 3328 eya

309 3352 410 3414 ullam
444 3351 589 3430 salntem,
610 3352 713 3414 ullum
734 3351 925 3435 perjurium
941 3361 1063 3434 putem,
1092 3372 1161 3414 cum
1184 3361 1213 3412 te
1236 3351 1440 3435 implicatum

311 3457 482 3518 seueritate
505 3455 658 3535 iudicum,
689 3457 1007 3519 circumretitum
1034 3454 1217 3542 frequentia
1235 3456 1353 3540 populi
1375 3455 1441 3518 Ro-

310 3561 401 3622 mani
422 3580 486 3622 esse
509 3558 654 3622 uideam?
688 3562 717 3623 si
737 3559 913 3623 mehercule
936 3599 976 3608 -
999 3560 1035 3624 id
1057 3561 1141 3646 quod
1161 3559 1242 3642 fieri
1264 3580 1328 3622 non
1345 3580 1441 3643 posse

311 3662 462 3746 intelleeo
485 3699 526 3711 -
550 3685 588 3726 en
611 3663 661 3727 his
686 3674 714 3726 te
739 3666 892 3749 laqueis
928 3665 1054 3727 enueris
1077 3684 1115 3725 ac
1139 3674 1167 3726 te
1191 3665 1302 3748 aliqua
1324 3665 1379 3726 nia
1404 3685 1443 3724 ac

313 3770 440 3830 ratione
474 3769 661 3851 caelicolis,
689 3770 725 3830 in
747 3769 823 3831 illas
859 3766 921 3831 tibi
952 3769 1093 3830 maiores
1123 3765 1266 3852 placas
1295 3766 1440 3829 inciden-

312 3873 388 3936 dum
411 3883 466 3934 est.

415 4183 478 4269 Ep.
502 4183 555 4249 VI
579 4187 595 4247 l
620 4184 724 4269 (384).
768 4182 851 4248 Ecce
878 4189 997 4248 iterum
1026 4185 1201 4248 Amantius
1230 4181 1444 4266 nnciaernlus

313 4300 423 4353 noster
447 4289 631 4352 Massiliam
654 4309 744 4352 suam
767 4291 885 4374 repetit
908 4288 1044 4374 aliquid,
1066 4298 1103 4352 ut
1125 4289 1226 4351 moris
1250 4296 1306 4366 est,
1319 4285 1356 4350 de
1374 4307 1445 4349 ma-
