3172 4908
185 1101 342 1264 Nonum
372 1201 439 1264 fere
468 1201 499 1265 in
527 1221 673 1264 mensem
704 1217 829 1262 cursum
853 1199 972 1262 inhibui
1001 1199 1092 1261 huius
1115 1198 1193 1274 libri,
1217 1217 1313 1280 quem

183 1307 376 1388 praestituta
404 1307 457 1369 die
487 1305 542 1388 (m.
568 1303 688 1387 April.)
712 1304 876 1367 edendum
899 1324 965 1366 non
990 1324 1029 1365 ea
1052 1324 1116 1385 qua
1140 1302 1314 1384 oportebat

184 1409 352 1490 diligentia
380 1409 515 1472 confeci.
563 1409 670 1470 Etiam
697 1427 782 1468 nunc
811 1406 946 1468 multum
976 1407 1118 1469 dubitavi
1148 1428 1221 1469 eum
1245 1427 1314 1468 om·

184 1512 271 1576 nium
299 1514 488 1594 permittere
517 1511 748 1574 existimationi
779 1530 852 1571 cum
880 1509 1090 1591 praeclaram,
1119 1521 1153 1572 ut
1181 1531 1314 1592 speran-

184 1616 261 1677 dum
296 1626 354 1690 est,
383 1615 507 1677 Sidonii
537 1615 713 1676 editionem
741 1615 805 1676 iam
834 1614 886 1675 diu
916 1614 1058 1677 Berolini
1086 1623 1314 1696 praeparatam

184 1719 287 1799 magis
310 1720 480 1799 magisque
503 1737 692 1780 accrescere
715 1727 747 1778 et
770 1718 801 1779 in
825 1716 929 1779 Gallia
956 1717 1192 1780 Chatelainium
1213 1720 1314 1780 virum

184 1821 226 1883 de
254 1819 391 1884 Sidonio
421 1821 629 1883 emendando
659 1820 743 1882 bene
766 1821 915 1882 meritum
939 1840 1021 1900 opus
1044 1841 1135 1882 suum
1159 1820 1315 1902 perlicere

184 1923 269 1985 velle
298 1924 520 2003 cognoverim.
567 1923 663 1985 Haud
692 1943 813 2004 paucas
836 1932 946 1984 tamen
969 1923 1199 1985 adnotationes
1225 1945 1315 1986 meas

185 2035 264 2107 puto
288 2047 347 2107 per
369 2047 405 2088 se
429 2048 501 2088 esse
525 2027 640 2106 dignas
665 2047 748 2106 quae
772 2046 845 2087 cum
869 2024 1011 2107 pluribus
1028 2026 1315 2099 communicentur,

184 2139 219 2190 ut
257 2147 282 2191 1.
317 2148 338 2207 4
368 2128 579 2211 (quamquam
608 2129 866 2210 repraesentandi
892 2129 1026 2191 verbum
1055 2129 1165 2191 iniuria
1194 2128 1315 2213 reieci).

186 2230 308 2315 (7-9.)
343 2249 474 2294 10—-12,
509 2250 553 2310 14.
584 2231 664 2315 (15.)
698 2233 743 2293 16.
775 2249 824 2295 20.
850 2249 899 2309 24.
925 2247 974 2310 27.
1000 2229 1080 2315 (28.)
1105 2233 1315 2310 31-36.·.38.

184 2352 235 2412 40.
258 2335 309 2414 46.
333 2350 376 2413 47
399 2335 475 2415 (qni,
502 2336 591 2415 quod
616 2336 713 2397 etiam
737 2334 812 2398 clar.
837 2333 920 2415 prof.
945 2335 980 2396 F.
1005 2336 1027 2396 Ι.
1045 2335 1221 2396 Peterseno
1238 2335 1316 2397 Hel-

142 2456 145 2462 ·
185 2437 405 2519 singsorsiensi
434 2440 464 2500 in
489 2448 632 2506 mentem
657 2436 768 2521 uenit).
793 2456 843 2518 49.
870 2436 949 2521 (50.)
978 2452 1025 2517 54.
1053 2437 1091 2517 56
1115 2435 1316 2522 (ubijtamen

184 2541 338 2622 colloquia
371 2542 493 2614 rimari,
530 2542 659 2603 consilia
687 2541 797 2615 ridere,
827 2541 934 2624 rifficin
961 2550 1149 2603 contemnere
1177 2541 1317 2603 coniecit

185 2643 338 2706 Goetzius
368 2642 450 2725 prof.
481 2640 672 2727 lenensis*).
720 2643 799 2728 (57.)
832 2646 880 2723 58.
911 2642 1077 2728 (60-61.)
1105 2645 1155 2722 64.
1179 2644 1315 2724 67-68.

187 2745 352 2830 (73-·74·)
381 2761 418 2826 75
451 2745 628 2828 (constaret
676 2748 725 2810 80·
755 2749 804 2809 82·
835 2749 969 2826 89—90·
1001 2745 1080 2830 (92)
1105 2748 1240 2826 95-96·
1265 2765 1316 2826 99·

190 2865 364 2930 107—109.
390 2847 491 2934 (111.)
520 2865 586 2926 113.
612 2846 820 2932 (115-117.)
848 2866 915 2927 1²3·

290 2954 381 3015 Haec
405 2954 447 3015 ad
470 2953 608 3034 primum
632 2952 840 3033 epistularum
863 2953 987 3016 Sidonii
1009 2953 1124 3016 librum
1139 2956 1317 3036 pertinent;

188 3057 219 3118 in
242 3057 357 3118 ceteris
381 3056 543 3137 quaedam
567 3056 643 3117 mihi
668 3055 848 3136 displicent,
872 3058 954 3119 sicut
981 3073 1048 3137 137.
1077 3057 1144 3120 161.
1174 3075 1233 3138 199
1248 3057 1317 3143 (ubi

189 3158 406 3221 Buechelerus
435 3160 483 3220 vir
510 3159 738 3221 celeberrimus
766 3159 904 3242 z'nfmncs
937 3181 997 3242 pro
1032 3161 1196 3242 iip'eriarcs
1223 3162 1318 3225 scribi

189 3262 256 3324 vult
269 3258 321 3345 *).,
356 3277 425 3323 200.
462 3278 524 3341 239
558 3260 658 3344 (milti,
694 3264 805 3324 docuit
841 3264 926 3325 enim
954 3264 1144 3326 Petersenus
1174 3265 1318 3329 dativum

189 3365 413 3446 comparativo
437 3364 567 3444 adiungi
592 3374 624 3427 et
647 3367 734 3446 apud
757 3365 927 3427 Sidonium
951 3375 984 3426 et
1006 3367 1093 3448 apud
1117 3367 1198 3429 alios
1220 3368 1319 3431 Galli·

190 3485 247 3529 cos
266 3477 354 3530 certe
366 3468 554 3549 scriptores;
578 3469 632 3530 clr.
647 3467 733 3552 277).
748 3471 818 3547 258.
834 3469 895 3546 336
908 3465 974 3552 (ubi
987 3469 1231 3532 Luetiohannus
1244 3492 1273 3532 v.
1287 3472 1318 3533 d.
1396 3494 1399 3501 ·

190 3570 326 3632 contulit
349 3591 399 3651 ep.
427 3571 438 3630 l
462 3568 536 3652 9*),
559 3570 621 3632 alia
645 3591 776 3651 quoque
794 3569 1010 3654 Petersenus).
1046 3573 1088 3633 Et
1106 3574 1251 3654 paenitet
1266 3593 1320 3636 me

190 3674 287 3737 etiam
311 3673 484 3735 levioribus
513 3672 608 3735 rebus
635 3673 932 3735 commemorandis
954 3672 1170 3737 adfectavisse
1191 3675 1319 3756 quibus-

190 3777 266 3840 dam
290 3775 370 3838 locis
391 3776 534 3857 speciem
558 3776 716 3849 editionis,
736 3776 823 3837 cuius
841 3796 948 3857 neque
965 3777 996 3838 in
1013 3776 1081 3839 aliis
1099 3775 1194 3839 rebus
1212 3798 1319 3859 neque

189 3881 220 3941 in
248 3878 470 3942 exscribendis
498 3879 605 3941 verbis
632 3878 756 3940 Sidonii
785 3889 950 3966 assecutus
973 3900 1043 3941 sum
1068 3881 1319 3957 accurationem,

293 4070 321 4138 *)
338 4071 415 4134 Quod
439 4071 500 4120 mihi
522 4071 723 4135 perscripserunt
746 4071 832 4120 litteris
851 4071 897 4120 viri
915 4071 1088 4120 humanissimi
1106 4087 1181 4136 spero
1201 4088 1245 4121 eos
1263 4089 1319 4138 pas·

189 4171 261 4208 suros
280 4173 334 4207 esse
351 4159 376 4206 iu
394 4158 506 4206 medium
524 4157 659 4222 prolatum.
