3172 4908
326 289 355 338 11

286 461 468 542 adiuvetur,
496 459 688 545 praesertim
719 480 791 526 cum
814 459 848 524 in
871 467 1015 524 veterum
1039 460 1134 527 libris
1157 462 1303 545 edendis,
1326 465 1416 528 utin

285 587 320 629 re
342 563 549 645 difficillima,
572 563 663 627 nulla
685 563 818 628 omnino
836 562 1024 628 adiumenta
1040 573 1238 650 spernantur
1255 575 1414 653 oporteat.

285 667 434 732 Editoris
468 666 569 753 igitur
602 689 667 729 non
700 673 768 730 tam
795 665 947 752 praestiti
975 665 1131 750 officium,
1158 691 1254 754 quam
1285 693 1416 756 operam

286 769 489 856 praeparavi.

388 873 429 937 In
458 894 557 959 opere
585 870 672 956 quod
701 871 781 934 mihi
805 871 854 936 sic
876 893 1111 958 proposueram
1134 875 1359 961 persequendo
1382 883 1418 939 ut

287 997 396 1039 corum
420 975 629 1061 potissimum
658 973 890 1039 commodidati
925 975 1139 1058 consulerem,
1166 978 1221 1061 qui
1246 979 1330 1043 scire
1352 978 1418 1043 vel-

286 1077 356 1142 lent
382 1077 460 1162 quid
482 1098 610 1162 quoque
641 1075 717 1141 loco
746 1077 906 1163 scriptum
935 1078 1039 1143 fuisse
1061 1086 1094 1144 et
1116 1081 1323 1146 scribendum
1346 1103 1418 1145 csse

287 1203 464 1262 censerem,
487 1180 617 1266 singula
639 1202 677 1244 co
701 1202 765 1264 quo
789 1179 878 1266 apud
900 1180 1009 1266 ipsum
1033 1182 1226 1268 scriptorem
1249 1184 1419 1248 inveniun-

287 1294 340 1349 tur
372 1283 488 1348 ordine
516 1283 666 1364 tractavi,
694 1282 739 1347 de
762 1283 929 1369 prioribus
953 1284 1167 1370 epistularum
1190 1286 1284 1351 libris
1308 1287 1418 1373 copio-

288 1388 357 1452 sius
375 1387 552 1468 disserena,
576 1385 616 1451 de
639 1385 880 1473 posterioribus
900 1394 933 1452 et
951 1387 991 1452 de
1009 1389 1207 1453 carminibus
1228 1429 1267 1438 -
1280 1411 1321 1454 ne
1337 1389 1417 1453 lines

289 1490 385 1555 huius
419 1489 523 1555 libelli
548 1488 736 1555 excederem
760 1527 799 1539 -
824 1512 862 1554 ea
886 1491 953 1556 fere
977 1490 1049 1555 sola
1072 1493 1249 1579 attingens,
1271 1515 1355 1577 quae
1378 1492 1418 1556 ad

290 1593 421 1659 codices
457 1591 677 1657 aestimandos
712 1592 922 1679 pertinerent.
966 1593 1084 1678 Neque
1118 1595 1250 1659 omniuo
1278 1596 1418 1660 leviores

289 1719 340 1761 res
364 1695 429 1760 nisi
451 1695 659 1780 gravioribus
683 1695 847 1760 immixtas
870 1697 1008 1782 exposui
1026 1706 1060 1762 et
1076 1697 1176 1761 multa
1193 1721 1264 1762 meo
1283 1699 1418 1763 arbitrio

289 1799 505 1885 praetermisi,
538 1820 621 1883 quac
654 1798 784 1883 quidem
818 1821 891 1864 cum
915 1801 956 1863 ad
980 1821 1135 1864 summam
1159 1801 1205 1865 rei
1228 1802 1420 1888 propositae

289 1903 370 1966 nibil
406 1901 591 1987 proficiant,
625 1924 719 1966 nemo
754 1901 817 1967 hoc
846 1901 921 1966 loco
951 1902 1047 1987 plene
1070 1912 1102 1966 ct
1124 1903 1271 1989 perfecta
1293 1903 1420 1968 reddita

290 2005 506 2093 exspectabit.
552 2005 604 2071 Ac
627 2029 667 2070 ne
695 2006 728 2069 in
752 2006 794 2070 iis
818 2005 946 2090 quidem
969 2007 1078 2071 verbis
1101 2006 1141 2071 dc
1164 2007 1283 2093 quibus
1306 2015 1421 2094 agetur

291 2133 419 2196 semper
447 2131 560 2175 ornnes
585 2109 750 2175 scribendi
772 2120 870 2176 notae
894 2110 983 2198 typis
1006 2120 1101 2174 erunt
1123 2110 1324 2197 descriptae3
1347 2135 1419 2175 nam

290 2221 422 2278 nostrae
456 2213 573 2278 aetatis
608 2212 756 2278 homines
790 2221 826 2276 ut
853 2214 887 2278 in
917 2213 969 2278 bis
996 2213 1093 2278 rebus
1116 2214 1218 2279 multo
1242 2211 1420 2279 maioribus

290 2339 386 2402 quarn
413 2317 542 2402 priores
565 2315 716 2380 laudibus
741 2315 833 2402 digni
857 2316 972 2381 merito
996 2315 1167 2398 ducantur,
1190 2317 1350 2382 interdum
1374 2325 1422 2380 ta·

290 2443 363 2484 men
387 2441 481 2484 verae
505 2419 585 2484 artis
607 2418 794 2505 praeceptis
819 2419 912 2483 abusi
936 2441 1008 2484 cum
1031 2419 1247 2485 recentissimi
1266 2420 1421 2504 cuiusque

292 2522 417 2587 codicis
446 2521 683 2587 minutissimos
711 2543 858 2606 quosque
881 2521 1061 2586 litterarum
1085 2521 1203 2587 ductus
1227 2523 1421 2608 exprimunt,

291 2649 406 2691 vereor
430 2648 470 2691 ne
493 2626 618 2690 animos
647 2625 824 2712 legentium
847 2625 1019 2713 implicent
1039 2635 1073 2690 et
1094 2626 1327 2690 molestissima
1349 2626 1423 2691 dili·

292 2730 422 2815 gentiae
455 2729 671 2816 perversitate
699 2728 893 2810 obtundant,
926 2728 966 2792 ad
995 2729 1165 2793 veritatem
1188 2729 1421 2814 explorandam

292 2832 345 2896 vix
369 2829 545 2917 quidquam
568 2831 748 2897 conferant.

394 2935 444 3000 Ex
469 2935 510 2998 iis
533 2934 741 3016 lectionibus,
756 2956 837 3019 quas
860 2957 900 2999 ex
924 2934 1093 3000 codicibus
1117 2934 1210 3000 attuli
1236 2943 1292 2999 aut
1307 2934 1423 2999 allatas

293 3038 473 3120 emendavi,
495 3039 644 3124 quemvis
667 3038 788 3102 multae
812 3037 879 3103 sint
901 3038 966 3102 iam
984 3047 1079 3102 antea
1097 3046 1194 3103 notae
1212 3046 1308 3123 atquc
1325 3038 1421 3102 etiam

294 3142 336 3207 ab
371 3164 436 3205 uno
465 3149 498 3206 et
526 3141 629 3208 altero
658 3141 783 3206 editore
811 3148 972 3227 receptae,
1005 3140 1127 3206 multae
1156 3149 1263 3206 tamon
1297 3148 1423 3206 restant

292 3267 359 3309 non
383 3244 648 3326 contemnendae,
671 3265 754 3328 quae
782 3251 840 3309 aut
865 3266 1002 3331 prorsus
1032 3244 1164 3330 ignotae
1189 3245 1298 3309 autin
1321 3244 1422 3308 adno-

293 3348 473 3413 tationibus
502 3347 674 3413 doctorum
706 3347 850 3412 virorum
885 3347 1014 3413 abditae
1048 3347 1129 3411 adeo
1157 3347 1317 3413 iacuerint
1345 3368 1423 3432 neg-

293 3451 407 3533 lectae,
440 3459 478 3514 ut
508 3450 629 3516 nullam
662 3452 726 3515 iam
760 3451 865 3517 lucem
901 3458 1095 3537 aspecturae
1128 3473 1201 3516 esse
1223 3449 1421 3515 viderentur.

294 3551 380 3619 Sunt
414 3561 519 3618 autem
556 3553 626 3637 hae,
659 3555 792 3620 omissis
826 3554 868 3619 iis
902 3577 984 3639 quae
1014 3554 1118 3618 solnm
1147 3561 1234 3618 recte
1257 3551 1423 3618 scribendi

294 3678 394 3722 causa
417 3666 719 3740 commemorantur,
749 3657 800 3722 his
824 3658 966 3722 numeris
989 3657 1022 3720 in
1045 3656 1157 3722 libello
1180 3679 1252 3721 meo
1275 3663 1423 3720 notatae:
1500 3731 1508 3742 ι

293 3762 320 3826 4.
349 3761 393 3825 45.
421 3761 467 3826 24.
493 3761 539 3826 25.
566 3762 612 3827 44.
639 3762 685 3827 52.
715 3761 760 3828 44.
788 3763 832 3827 54.
861 3762 905 3826 55.
933 3761 978 3826 44.
1007 3761 1070 3826 444.
1097 3760 1163 3826 444.
1186 3760 1249 3826 448.
1273 3760 1336 3825 444.
1360 3759 1424 3824 442.

296 3863 358 3929 444.
388 3864 451 3929 424.
480 3864 543 3930 424.
571 3865 634 3929 425.
664 3864 727 3930 442.
752 3865 814 3929 455.
838 3863 901 3930 444.
925 3863 988 3928 444.
1014 3863 1077 3928 442.
1101 3863 1164 3929 444.
1188 3863 1251 3929 455.
1274 3863 1337 3928 482.
1361 3861 1424 3927 442.

294 3967 358 4032 442.
383 3966 446 4032 445.
469 3967 535 4033 244.
558 3967 622 4033 248.
643 3968 709 4033 225.
732 3967 797 4032 224.
820 3967 884 4033 224.
907 3967 971 4032 224.
994 3965 1059 4032 225.
1083 3966 1148 4031 244.
1176 3966 1242 4031 244.
1268 3965 1332 4031 244.
1359 3964 1425 4031 254.

293 4071 359 4136 242.
386 4071 450 4136 244.
477 4071 541 4136 255.
570 4071 634 4136 254.
662 4071 725 4135 285.
758 4070 823 4136 242.
856 4069 911 4136 244
945 4072 1068 4153 (cirum
1102 4077 1250 4151 ornnem).
1273 4067 1338 4133 245.
1359 4067 1426 4132 242.

294 4173 359 4239 244.
386 4174 450 4239 245.
479 4173 543 4238 245.
565 4173 629 4238 224.
652 4173 717 4238 225.
740 4173 804 4238 224.
828 4173 892 4238 245.
915 4172 978 4238 244.
1008 4172 1072 4238 245.
1101 4171 1164 4237 248.
1186 4171 1251 4236 254.
1273 4171 1337 4236 252.
1360 4170 1426 4235 254.

294 4277 358 4342 254.
378 4276 443 4342 245.
465 4276 530 4342 244.
548 4276 612 4341 284.
629 4276 692 4341 244.
714 4275 778 4341 242.
796 4275 860 4342 245.
876 4276 940 4342 444.
956 4277 1021 4342 442.
1038 4276 1103 4341 445.
1120 4276 1184 4340 448.
1200 4274 1264 4339 444.
1280 4274 1345 4339 445.
1362 4273 1428 4339 448.
