3186 4900
322 272 364 340 84

279 465 372 540 tulit3
395 485 596 550 quamquam,
625 485 703 550 quae
733 475 788 528 tua
811 466 979 544 sauctitas,
1008 485 1131 549 semper
1152 463 1297 549 praedia
1320 465 1406 528 litte·

277 590 333 631 ras
356 576 486 631 uestrae
511 573 662 652 praemia
679 579 784 652 putea

379 671 443 737 ttt.
488 667 582 751 Quae
604 671 724 734 litteris
747 670 846 734 latius
875 670 1048 756 dispositis
1072 670 1261 735 excudenda
1283 669 1406 750 curavi,

278 774 391 841 eodem
414 773 512 838 ruodo
537 795 574 838 ac
599 795 698 861 supra
722 773 762 838 ab
779 773 940 855 omnibus,
954 774 1042 858 quod
1061 775 1173 857 seiam,
1185 774 1335 855 eduntur,
1352 797 1406 838 ex·

277 886 375 964 cepto
398 878 485 962 qnod
509 874 703 941 Sirmondus
727 883 759 940 et
781 877 931 963 Mignius
955 882 1020 964 qui,
1037 901 1102 942 uon
1126 883 1178 943 aui
1200 877 1406 956 scribunt3a

276 981 406 1068 gallicis
430 988 538 1045 autern
561 980 793 1066 interpretibus
823 983 875 1044 cui
903 981 1121 1047 scribentibus
1145 982 1194 1046 sic
1221 989 1405 1046 vertuntur:

276 1088 410 1172 n’ayant
432 1107 492 1170 pas
516 1085 546 1148 le
563 1084 659 1148 loisir
677 1084 717 1148 de
739 1091 772 1148 te
793 1092 907 1170 parter
930 1107 967 1149 ce
989 1107 1051 1169 que
1073 1093 1107 1151 tu
1130 1085 1264 1150 m'avais
1277 1084 1407 1149 deman-

276 1187 317 1252 de'
341 1189 381 1254 de
404 1209 471 1252 mes
494 1186 659 1269 tablettes,
682 1211 724 1252 vu
746 1187 794 1251 les
817 1188 947 1253 ailbircs
971 1188 1053 1253 dont
1074 1189 1098 1252 il
1121 1181 1203 1254 etait
1226 1190 1359 1274 charge,
1381 1186 1404 1250 il

276 1299 308 1356 te
330 1299 485 1356 remettra
506 1291 548 1356 du
571 1292 689 1373 moins,
712 1315 753 1364 en
774 1292 868 1378 guise
890 1292 931 1357 de
953 1296 1099 1378 present,
1123 1293 1278 1378 quelques
1306 1293 1405 1378 baga-

276 1396 381 1460 telles.
426 1396 467 1460 In
500 1396 619 1483 quibus
654 1417 726 1460 curn
761 1396 826 1460 alia
849 1395 1037 1482 displicent,
1060 1405 1127 1461 tum
1156 1398 1191 1463 id
1218 1398 1269 1462 vel
1304 1397 1406 1483 pluri-

276 1522 372 1581 mum,
401 1499 489 1585 quod
512 1500 656 1585 portitor
684 1487 750 1581 ille,
773 1508 809 1563 ut
834 1501 880 1563 ait
903 1497 1071 1583 Sidonius,
1094 1500 1182 1585 quod
1216 1500 1318 1565 multa
1350 1523 1406 1565 ne·

276 1603 368 1688 gotia
402 1603 582 1685 habuisset,
615 1625 722 1689 pauca
754 1610 891 1685 tanturn,
914 1626 980 1668 non
1008 1605 1127 1686 omnia,
1154 1627 1237 1688 quae
1270 1625 1407 1690 exspec-

275 1714 345 1770 tata
376 1716 497 1789 essent,
518 1714 653 1793 portare
685 1707 835 1791 potuisse
863 1706 995 1788 dicitur,
1022 1708 1115 1790 quasi
1145 1706 1207 1772 hoc
1235 1706 1404 1771 difficilius

275 1810 393 1875 fuisset
416 1833 513 1895 quarn
536 1810 629 1892 illud,
648 1810 746 1875 modo
766 1811 838 1897 ipse
856 1807 1015 1876 Sidonius
1039 1812 1149 1877 omnia
1181 1812 1328 1897 perfecta
1350 1811 1406 1874 ha-

275 1914 377 1979 beret.
421 1915 474 1979 Ex
497 1914 668 1980 codicibus
686 1914 769 1978 nihil
792 1913 881 1978 aliud
905 1915 1051 1980 adfertur
1073 1915 1137 1980 nisi
1161 1915 1195 1978 in
1217 1914 1404 1980 AHRZP

276 2016 382 2081 Paris.
411 2019 491 2082 9551
525 2025 558 2081 et
584 2019 668 2083 2782
692 2040 764 2083 esse
785 2021 970 2105 prouincia,
994 2020 1046 2084 cui
1070 2019 1199 2104 signum
1222 2019 1255 2082 in
1288 2018 1321 2082 A
1355 2039 1406 2082 se-

276 2121 393 2202 cunda,
427 2122 460 2185 ni
495 2121 603 2203 fallor,
627 2144 723 2186 mauu
752 2123 1012 2209 superscriptum
1035 2122 1221 2210 corrigendi
1244 2128 1405 2186 monstrat

275 2224 522 2306 necessitatem
545 2225 578 2289 in
601 2224 635 2289 H
659 2225 759 2290 verba
775 2247 936 2315 perquam
947 2229 1125 2313 prouincia
1146 2226 1180 2292 in
1203 2248 1318 2290 rasura
1330 2248 1405 2290 exa-

275 2335 347 2392 rata
380 2329 520 2415 repperi,
543 2352 583 2393 ex
607 2329 633 2393 Z
653 2333 845 2416 prooiuiaia
871 2354 933 2418 ego
967 2331 1132 2412 adnotavi,
1155 2352 1194 2395 cx
1217 2327 1250 2394 U
1267 2332 1406 2417 proria-

277 2434 327 2496 tia
348 2432 494 2498 Manius.
528 2432 655 2498 Neutra
677 2433 777 2499 lectio
801 2434 959 2521 explicari
982 2442 1104 2521 potest,
1116 2455 1219 2517 neque
1236 2431 1344 2498 facilis
1356 2433 1405 2496 vi-

275 2535 369 2600 detur
392 2535 585 2601 emendatio.
613 2536 700 2601 Mihi
718 2538 1007 2603 inmentemvenit
1034 2542 1099 2625 qui
1119 2539 1199 2601 meis
1225 2539 1405 2624 cpupilla-
1473 2613 1476 2620 Ι

275 2641 367 2704 ribue
391 2641 573 2726 transferre
597 2660 676 2724 quae
700 2642 841 2706 iuseerae
864 2662 929 2704 aaa
950 2664 1096 2706 vaceae
1112 2661 1306 2728 proquam
1323 2661 1404 2726 pra-

274 2747 384 2808 aiuria
409 2745 511 2830 fuit,
545 2745 608 2808 bic
639 2745 751 2808 oobie
784 2746 911 2833 aliquid
938 2749 1109 2808 aeriarum
1136 2746 1316 2808 muaueculi
1336 2745 1404 2808 aiae

275 2847 402 2912 detulit.
445 2847 649 2932 Transferrc
672 2869 734 2934 ego
758 2849 1045 2934 interpretandum
1061 2870 1134 2912 csse
1163 2849 1403 2912 transcribe-

275 2972 315 3014 re
338 2951 390 3015 vel
414 2973 454 3014 ex
477 2973 515 3014 eo
539 2949 673 3037 colligo,
696 2952 784 3036 quod
806 2955 885 3018 meia
914 2961 988 3017 ante
1010 2952 1236 3039 pupillaribus
1259 2951 1403 3037 positum

274 3053 396 3118 maiore
430 3054 463 3118 vi
496 3053 630 3118 effertur
662 3063 695 3118 et
726 3056 912 3140 pronomini
947 3059 1004 3141 qui
1041 3055 1181 3141 quodam
1213 3055 1310 3119 modo
1345 3077 1404 3139 op-

274 3158 354 3244 poni
376 3157 516 3222 videtur.
560 3158 606 3222 Et
627 3181 666 3222 ea
689 3158 930 3245 significatione
953 3160 1074 3224 dicitur
1097 3162 1279 3245 transferre
1302 3181 1354 3244 cp.
1370 3158 1402 3223 V

275 3262 411 3348 2(329)
434 3260 500 3324 lid·
523 3284 599 3347 Pag·
623 3261 663 3325 85
686 3270 720 3324 el
742 3262 794 3327 ῙΧ
823 3267 856 3324 ll
878 3265 973 3350 (461)
995 3267 1128 3330 necdum
1151 3265 1194 3329 ad
1207 3266 1403 3351 facultatem
1482 3245 1485 3250 ⁵
1582 3235 1583 3288 3

276 3366 413 3453 lepeadi,
436 3376 472 3430 ut
495 3370 773 3450 memoraverit,
797 3390 866 3432 aum
893 3370 961 3433 iam
984 3370 1041 3434 diu
1062 3373 1131 3455 epae
1148 3372 1337 3455 perueuem'a
1361 3370 1403 3433 ad

276 3472 403 3555 copiam
427 3470 720 3546 transferendi,
753 3470 944 3557 Propinqua
968 3471 1016 3536 illi
1036 3468 1165 3537 Sidonii
1191 3471 1253 3537 hoc
1275 3493 1404 3555 quoque

274 3595 391 3639 munus
427 3573 621 3638 convenisse
655 3575 899 3640 concedendurn
932 3585 992 3641 est.
1038 3577 1091 3640 Ad
1115 3577 1214 3642 verba
1242 3597 1404 3664 proquam

269 3682 447 3766 prouincia
460 3681 544 3766 fuit,
567 3677 608 3742 de
631 3679 749 3762 quibus
773 3680 953 3765 meipsum
987 3679 1137 3746 dubitare
1160 3682 1328 3762 confiteor,
1351 3704 1404 3744 ex-

275 3782 429 3869 plicanda
452 3782 637 3848 adscribam
660 3805 699 3847 ex
721 3783 877 3848 Lucretio
901 3784 938 3848 II
964 3785 1046 3850 1136
1070 3806 1136 3868 seq.
1160 3806 1217 3848 aaa
1235 3785 1340 3870 facile
1367 3787 1403 3848 ia

274 3907 370 3950 acuar
394 3887 482 3952 aibue
506 3889 610 3951 omnir
632 3887 762 3952 diditur·
789 3891 829 3968 ei,
851 3909 908 3952 aec
930 3891 1010 3951 satia
1034 3898 1090 3969 eet,
1107 3909 1182 3973 pro
1206 3909 1314 3972 quam
1337 3890 1405 3952 lar-

274 4013 332 4079 poa
355 4003 517 4056 reaestuat
540 4002 655 4071 aestua,
678 3993 761 4056 aude
794 4003 887 4078 queat
916 4002 1041 4056 tautum
1064 3992 1213 4055 ruboriri
1234 4013 1272 4055 ac
1293 3991 1403 4077 subpe-

275 4097 396 4176 ditare,
419 4096 477 4160 III
503 4097 562 4159 199
586 4099 692 4181 ipitur
710 4099 914 4182 peruiaeima
938 4116 1077 4180 corpora
1095 4117 1168 4179 pro
1192 4117 1301 4181 quam
1318 4097 1403 4159 etle-

275 4201 408 4263 aiasima
432 4211 515 4282 aurat,
538 4202 588 4262 ita
609 4199 792 4264 mobilitate
805 4199 980 4284 fruuntur,
994 4199 1046 4264 VI
1071 4203 1107 4264 11
1138 4211 1176 4277 01,
1198 4220 1269 4284 pro
1294 4219 1403 4283 quam

270 4314 389 4390 posset,
413 4307 515 4367 uitam
539 4307 711 4366 coueietere
725 4313 837 4378 tutam,
849 4302 964 4386 dequo
982 4301 1056 4366 vide
1071 4324 1153 4385 quae
1172 4301 1403 4367 Laelrnrannus

275 4409 367 4472 dixit.
402 4405 530 4487 Quibus
554 4405 684 4471 collatis
708 4407 819 4470 nescio
843 4430 883 4469 an
907 4402 1254 4489 illa,quaeaSid011i0
1279 4406 1403 4490 scripta
