3172 4908
353 274 394 338 32

308 462 433 526 tionem
457 485 529 527 onm
552 463 585 527 vi
607 463 746 547 quadam
770 463 950 546 continuat,
972 465 1165 549 praesertim
1188 465 1217 529 si
1239 465 1317 549 quid
1339 465 1436 530 inter-

308 566 506 650 posuitque
529 588 582 630 res
605 565 728 630 tardari
750 566 910 632 videatur.

411 669 475 733 108.
522 665 692 733 Secundae
719 669 899 734 sententiae
928 670 1028 734 verbe
1055 671 1241 757 interpunxi
1265 693 1305 737 ex
1326 672 1359 735 A
1382 694 1435 737 oo·

309 770 391 835 dice.
435 771 476 837 In
510 772 628 836 ceteris
663 771 813 836 omnibns
847 794 929 857 quos
958 773 1090 858 inspexi
1118 773 1212 838 libris
1235 773 1288 838 vel
1310 775 1434 839 calamo

309 875 442 960 seriptis
466 873 515 962 <H
528 874 558 940 R
570 873 596 938 Z
608 875 641 940 V
653 875 682 938 F
692 874 723 939 L
735 873 784 960 X)
808 874 859 938 vel
883 875 973 960 typis
991 877 1158 961 expressis
1183 876 1266 940 male
1286 899 1321 940 se
1339 877 1435 942 habet

309 978 480 1058 sententia,
504 999 576 1041 oum
599 985 655 1040 ant
676 984 754 1062 post
777 980 989 1041 eonscientiae
1018 988 1074 1043 aut
1095 989 1172 1064 post
1187 981 1270 1063 fidei
1286 989 1342 1044 aut
1358 987 1436 1066 post

307 1088 477 1165 utrumque
500 1080 666 1145 dividitur.

412 1169 482 1249 100.Ι
517 1184 570 1249 Ne
599 1189 762 1248 contrusit
790 1185 919 1268 quidem
944 1209 962 1249 a
984 1186 1119 1250 Mohrio
1143 1185 1222 1270 (loe.
1247 1190 1379 1270 comm.)
1402 1187 1435 1250 in

309 1309 410 1350 secum
434 1290 537 1351 traxit
567 1296 723 1352 mutatum
754 1284 935 1352 aSidonio
970 1289 1127 1375 seriptum
1161 1311 1233 1354 esse
1267 1288 1437 1353 adfirmare

309 1391 422 1454 ausim.
466 1391 553 1455 Nam
583 1391 654 1473 hoe,
678 1392 710 1454 ni
735 1391 842 1472 fallor,
865 1391 974 1454 dioere
997 1392 1104 1456 voluit
1127 1393 1289 1477 scriptor:
1324 1391 1438 1456 eredu-

308 1493 371 1558 iarn
406 1495 605 1558 audientium
635 1495 764 1559 turbam
797 1518 860 1579 que
888 1495 1059 1559 incedebat
1081 1496 1255 1559 contraxit.
1303 1491 1437 1580 Saepis-

309 1598 388 1660 sime
417 1599 502 1661 enim
537 1593 693 1662 Sidonius
727 1598 830 1661 utitur
863 1598 914 1660 vel
947 1599 1057 1683 potins
1086 1599 1230 1663 abutitur
1261 1597 1435 1662 abstractis

308 1724 390 1784 quae
424 1701 577 1765 dicuntur
611 1700 838 1782 substantivis
866 1710 903 1764 nt
937 1699 1047 1764 multis
1081 1700 1165 1764 loeis
1199 1701 1357 1764 obscurus
1382 1707 1438 1764 aut

309 1811 395 1867 certe
419 1804 515 1867 nimis
540 1803 645 1868 audax
675 1803 744 1867 iure
767 1803 905 1867 dicatur.
940 1802 1050 1867 Unum
1076 1805 1156 1867 satis
1180 1803 1283 1868 habeo
1308 1802 1436 1866 adferre

309 1905 490 1992 exemplum
515 1929 565 1992 ep.
590 1907 627 1970 Π
651 1913 669 1973 2
703 1909 792 1990 1215)
817 1911 846 1970 si
870 1907 962 1970 turbo
988 1913 1154 1972 austrinus
1177 1908 1355 1987 insorduit,
1377 1911 1437 1969 irn-

308 2033 400 2074 mane
435 2015 602 2096 torpescit,
624 2015 673 2074 ito
706 2023 742 2073 ut
766 2012 920 2075 arborum
944 2013 1052 2088 cornis,
1077 2033 1155 2094 quoe
1182 2013 1329 2094 niorqini
1355 2012 1436 2072 insi-

309 2125 407 2195 stunt,
431 2117 627 2199 superiectae
657 2118 843 2199 usperpinis
858 2115 1011 2201 frapor
1033 2117 1214 2199 impluat.

411 2424 475 2510 Ep.
499 2424 517 2488 Ι
542 2427 575 2488 11
604 2425 708 2510 (203).
759 2425 860 2492 Venio
883 2426 1050 2490 Arelatem
1072 2424 1314 2488 1011001100-
1338 2423 1436 2488 unde

309 2528 430 2592 enirn?
463 2566 504 2576 -
538 2531 754 2613 suspicans,
790 2549 980 2614 quamquam
1005 2538 1144 2610 putarer
1172 2527 1211 2590 ab
1236 2529 1349 2590 amieis
1372 2545 1436 2588 non

309 2631 492 2716 adfuturus.

413 2734 476 2798 110.
520 2731 581 2798 Nil
603 2755 640 2796 ex
665 2732 861 2797 AHbVF
885 2730 1018 2817 scripsi,
1036 2730 1180 2795 editores
1202 2730 1289 2794 nihii
1306 2730 1435 2794 habent.

411 2837 475 2901 111.
520 2836 561 2900 In
595 2835 806 2920 sequentibus
840 2835 893 2900 hio
921 2857 1015 2918 quem
1039 2834 1136 2918 posui
1159 2834 1331 2898 verborum
1355 2831 1434 2896 ordo

309 2939 583 3004 consentientium
600 2938 633 3001 A
644 2938 679 3002 H
693 2938 723 3003 R
735 2938 755 3001 b
768 2938 836 3003 VF
854 2937 1003 3001 uodioum
1022 2936 1217 3000 auctoritate
1234 2935 1435 3012 defenditur3

309 3048 486 3128 suspirans,
518 3043 602 3106 unde
634 3045 719 3106 enirn
751 3041 781 3105 L
815 3039 906 3104 solus
930 3038 1037 3119 habet,
1061 3039 1117 3102 sed
1147 3040 1175 3103 is
1203 3061 1330 3123 quoqne
1353 3039 1435 3103 surde

309 3149 394 3210 enini
405 3146 600 3231 rescriptum
613 3153 669 3208 ¹aut
680 3152 870 3208 correctum.
905 3142 1003 3206 Hane
1020 3149 1127 3204 tamen
1144 3142 1316 3206 verborum
1334 3141 1435 3205 eollo-

309 3249 470 3312 oationem
493 3246 636 3311 editores
659 3247 809 3312 retinent.

410 3557 474 3643 Ep.
498 3557 516 3620 I
541 3560 577 3621 11
603 3555 709 3642 (203).
754 3553 820 3621 Hir
843 3577 910 3640 epo,
935 3555 1012 3643 qnid
1035 3555 1100 3620 sibi
1122 3554 1198 3618 iaec
1219 3555 1314 3619 uellet
1337 3554 1372 3614 in
1395 3554 1436 3616 il-

311 3663 351 3725 iis
374 3661 595 3745 superbiae,
618 3661 765 3724 nimiae
783 3664 824 3724 in
847 3663 941 3723 istis
965 3658 1212 3724 humilitatis
1226 3656 1352 3743 forma,
1376 3658 1436 3718 nei·

308 3768 384 3828 rori
416 3785 473 3827 nee
505 3766 594 3828 nitro
620 3775 724 3827 tomen
754 3786 865 3829 causas
894 3765 1113 3848 interrepere,
1138 3783 1216 3827 ouen
1249 3759 1436 3824 suborna-

215 3931 219 3937 .
309 3880 368 3932 tus
392 3889 473 3932 nnus
497 3889 512 3932 e
537 3868 634 3932 turbu
648 3867 868 3954 factiosorum
891 3868 948 3932 1αο
966 3887 1030 3930 sese
1045 3865 1129 3928 milii
1159 3861 1434 3928 consalutandum.

411 3971 475 4036 112.
519 3970 561 4036 In
582 3969 616 4035 U
639 3979 672 4035 et
693 3971 724 4035 L
748 3971 796 4058 (in
818 3972 948 4054 rasura)
966 3972 1088 4033 nimiae
1106 3967 1274 4053 repetitur.
1300 3965 1353 4029 Ex
1371 3985 1434 4048 quo

309 4072 388 4137 haee
411 4072 553 4138 efficitur
575 4095 641 4138 non
663 4073 831 4160 inelegans
854 4073 1027 4138 verborum
1050 4069 1280 4136 continuatior'
1301 4071 1336 4132 in
1365 4068 1434 4130 iilis

309 4177 477 4262 superbiae
511 4179 641 4256 nimiae,
668 4180 789 4241 nimiae
817 4179 853 4240 in
875 4177 950 4240 istis
974 4174 1181 4253 humilitatis,
1205 4194 1300 4257 quam
1322 4168 1436 4234 lectio-

309 4301 382 4344 nem
414 4287 608 4366 reoeperunt
631 4275 825 4344 Sirmondus
855 4285 888 4342 et
909 4277 1061 4362 Beretus,
1090 4300 1155 4342 non
1188 4281 1352 4360 receptum
1386 4271 1434 4336 sic
