3172 4908
1186 226 1225 289 27

154 413 275 497 quidam
307 413 461 494 editores
497 414 723 478 hebdomadem
756 412 871 477 melius
902 409 1096 478 Sirmondus
1120 414 1270 501 Mignius

153 517 296 581 Baretus.

247 620 292 684 85.
337 622 505 704 Serpentis
533 621 648 706 primo,
682 619 715 683 ni
749 618 856 699 fallor,
890 643 985 683 manu
1015 621 1271 705 superscriptum

154 722 256 786 estin
278 723 321 803 A,
343 734 376 786 et
397 721 618 802 Wouwerius,
652 745 718 786 non
746 730 807 804 est,
830 722 945 805 inquit,
980 723 1013 785 in
1042 723 1126 789 libro
1149 723 1272 788 Danie-

154 822 192 886 lis
215 831 247 888 et
268 818 364 890 recte.
410 826 579 910 Epidauri
611 825 645 889 in
675 825 872 894 AHZbV
906 826 1065 912 scriptum
1098 833 1159 907 est,
1186 825 1272 890 idem

151 924 356 992 Wouwerius
382 925 508 992 Savaro
530 927 795 993 Elmenhorstius
819 928 948 995 habent.
993 929 1045 993 Ex
1061 929 1178 1014 quibus
1194 926 1273 1012 quid

152 1031 265 1095 faciam
288 1055 361 1096 eum
384 1054 450 1107 non
483 1032 671 1114 invenerim,
696 1028 905 1096 sirmondum
939 1055 1066 1117 sequor.
1116 1031 1203 1098 Illud
1227 1038 1274 1094 ta·

152 1157 220 1198 rnen
255 1135 340 1199 addo
376 1135 472 1199 i'acile
506 1135 654 1221 potuisse
677 1135 823 1200 librariis
857 1143 969 1200 notum
993 1135 1095 1200 fuisse
1120 1157 1274 1219 serpeu-

154 1249 222 1301 tem
252 1237 487 1323 Epidaurium,
520 1237 584 1302 hoc
618 1238 722 1302 solum
756 1261 816 1323 pro
850 1238 1053 1325 Aesculapio
1086 1263 1105 1301 a
1135 1234 1273 1303 Sidonio

153 1340 260 1404 scribi.
306 1337 374 1404 Sed
397 1340 430 1402 in
454 1363 489 1403 re
511 1339 637 1404 incerto
660 1339 741 1403 nihil
766 1339 911 1403 adfirmo.

249 1443 296 1508 88.
341 1442 493 1526 Euputus
520 1465 559 1507 ex
585 1441 704 1506 ΑΗΕ
728 1443 858 1528 scripsi,
881 1465 947 1506 non
975 1454 1136 1528 ecsputus,
1159 1445 1193 1507 in
1216 1444 1274 1508 bs

77 1546 82 1558 '
153 1547 408 1631 superscriptum
431 1554 496 1622 est3
520 1545 554 1610 in
577 1546 610 1611 V
632 1545 761 1630 repperi
784 1555 942 1631 eusdptus.

250 1650 294 1714 Sl.
339 1648 392 1713 De
426 1653 568 1734 impiata
602 1648 716 1712 diebus
745 1649 821 1732 quia
849 1648 1031 1714 dubitatum
1059 1657 1119 1730 est,
1153 1648 1274 1713 adnoto

151 1750 183 1814 in
204 1753 236 1815 A
260 1752 420 1837 scripturn
441 1775 520 1817 esse
543 1751 707 1816 XXXua.
760 1748 827 1817 Sed
850 1752 1069 1838 comparanda
1096 1759 1173 1816 sunt
1195 1775 1277 1836 quae

152 1853 189 1916 de
210 1877 306 1918 eure
329 1854 415 1920 dixit
437 1851 632 1919 Sirmondus
669 1878 728 1918 nec
765 1854 944 1919 audiendus
967 1853 1189 1935 Wouwerius,
1222 1855 1277 1938 qui

151 1955 229 2020 haec
255 1957 372 2022 verbu:
409 1980 445 2022 eu
468 1969 571 2022 uetere
604 1971 731 2022 serratus
761 1961 903 2022 consulto
923 1955 1111 2038 Tiberiano,
1133 1956 1221 2042 quod
1243 1957 1277 2019 in

152 2067 257 2124 vetere
281 2059 396 2125 codice
420 2098 451 2109 -
478 2060 589 2125 eiusne
613 2061 657 2125 sit
677 2083 779 2125 necne
802 2083 868 2124 non
891 2068 1013 2125 certum
1035 2067 1138 2125 est-
1163 2060 1278 2125 abesse

151 2163 313 2226 monuerit
335 2163 453 2228 Petrus
477 2164 606 2246 Daniel,
629 2163 767 2228 delenda
788 2171 909 2228 censet.

252 2471 318 2556 Ep.
342 2471 401 2534 18
425 2471 529 2556 (194).
576 2471 708 2533 Morari
730 2492 777 2533 me
802 2471 921 2534 Romae
946 2476 1199 2556 compratularis.
1234 2471 1281 2536 Id

154 2585 257 2638 tamem
288 2579 382 2658 quasi
406 2573 514 2659 facete
543 2586 573 2636 et
600 2574 836 2658 fatipatiouum
863 2575 985 2638 salibus
1009 2576 1172 2643 admistis.
1219 2579 1280 2642 Ais

154 2683 237 2742 euim
271 2679 413 2762 paudere
439 2688 477 2759 te,
501 2676 584 2762 quod
618 2677 792 2762 aliquando
827 2681 1026 2742 necessarius
1061 2689 1132 2742 tuus
1155 2681 1282 2743 videam

154 2784 259 2859 solem,
286 2802 376 2865 quem
398 2783 507 2863 utique
531 2800 611 2840 raro
636 2778 758 2844 bibitor
781 2777 945 2843 Araricus
972 2783 1178 2865 iuspeuerim.
1218 2777 1283 2845 Ne-

57 2879 59 2884 ’
155 2884 245 2949 bulas
269 2906 309 2946 er
316 2907 361 2969 po
385 2883 469 2946 milei
490 2903 631 2945 meorum
655 2881 918 2966 Lupduaeusium
943 2885 1121 2970 euproluus
1145 2901 1174 2949 et
1198 2887 1283 2949 diem

154 2990 301 3071 quereris
327 2989 419 3051 nobis
442 2990 604 3067 matutina
632 2988 771 3068 calipiue
801 2987 998 3050 obstructum
1024 2992 1078 3051 oie
1100 2991 1282 3054 meridiano

146 3093 284 3178 feruore
306 3094 461 3156 reserari.
507 3088 553 3152 Es
577 3100 610 3152 tu
643 3093 725 3153 ista
759 3091 851 3153 daeo
876 3090 960 3153 milei
985 3088 1168 3156 Caesenatis
1183 3095 1284 3179 furui

151 3199 263 3281 potius
287 3217 380 3280 quam
406 3195 520 3280 oppidi
540 3215 641 3256 uerna
664 3194 857 3258 deblateras.

260 3299 306 3363 88.
350 3299 440 3363 illud
473 3320 534 3382 pro
564 3299 599 3361 id
627 3320 664 3360 ex
695 3297 784 3360 nullo
807 3296 895 3382 quod
918 3296 1019 3360 sciam
1042 3297 1158 3362 codice
1182 3300 1285 3384 scrip-

157 3410 272 3467 serunt
292 3400 503 3466 Wouwerius
528 3409 560 3464 et
584 3398 719 3464 Severo.

261 3505 305 3570 88.
350 3505 456 3588 Erpa,
478 3505 565 3588 quod
588 3512 639 3568 est
660 3504 694 3567 in
716 3505 749 3568 A
772 3514 804 3566 et
831 3505 864 3566 in
889 3500 1068 3568 Savaronis
1091 3504 1284 3568 Elmenhor-

151 3610 279 3694 ,stiique
301 3607 513 3688 editionibus,
526 3607 712 3672 dubitanter
736 3607 855 3693 scripsi
878 3629 939 3691 pro
963 3609 1056 3684 euim,
1079 3606 1166 3690 quod
1182 3630 1219 3672 ex
1238 3631 1286 3672 re-

157 3713 257 3796 liquis
286 3712 380 3778 libris
412 3700 791 3776 scribunt'Wouwerius
823 3707 1016 3774 Sirmondus
1044 3709 1194 3795 Mignius
1222 3710 1286 3773 Ba-

158 3824 259 3880 retus.

262 3919 308 3984 to.
353 3919 435 3982 Eius
465 3941 547 4002 quae
576 3918 720 4002 sequitur
748 3915 929 3980 sententiae
958 3915 1084 3978 initium
1114 3914 1169 3978 ulii
1193 3915 1287 3980 aliter

161 4025 365 4110 scripserunt
387 4022 527 4088 librarii:
563 4023 638 4084 leaeo
666 4023 730 4084 ista
757 4020 841 4082 milei
864 4017 930 4101 (vel
953 4019 1065 4104 miolti)
1089 4041 1155 4082 non
1183 4018 1288 4083 solunt

161 4151 200 4191 ex
223 4129 266 4208 A,
289 4126 346 4190 sed
370 4127 467 4190 etiarn
489 4149 527 4188 ex
551 4123 657 4189 HZb
680 4131 713 4186 et
737 4122 900 4208 U(miolei
923 4122 977 4185 dec
1006 4123 1085 4204 ista)
1110 4129 1142 4184 et
1162 4121 1194 4186 Y
1217 4123 1288 4208 (deo

162 4233 229 4294 ista
253 4231 352 4314 milei)
375 4228 566 4293 adnotatum
595 4236 659 4306 est3
693 4230 759 4290 ista
793 4227 994 4290 imoeseuatis
1019 4223 1130 4291 addito
1155 4225 1232 4292 leaeo
1254 4226 1288 4294 in
