3186 4900
332 275 373 338 94

279 462 470 548 sriqorihus
492 462 526 524 in
549 460 583 526 H
607 461 833 548 scriptumest
850 463 998 548 fricorm
1014 461 1102 547 quod
1118 463 1264 548 seqnitur
1270 465 1419 552 fontium

288 567 322 629 in
345 565 377 631 V
394 588 432 629 cx
447 565 615 652 frontium
638 573 690 629 est
711 573 906 647 correctum,
919 563 1131 632 Wouwerius
1143 570 1302 632 montium
1319 567 1419 654 vulgo

289 669 388 732 scribi
412 667 507 746 dicit3
531 669 660 753 fontem
684 668 783 734 verbo
806 669 840 732 in
862 669 895 732 A
920 672 1078 750 secunda,
1104 677 1140 733 ut
1162 670 1302 747 videtur,
1325 695 1418 736 manu

289 795 307 831 r
334 772 603 857 superscriptum,
638 794 697 856 pro
732 776 923 836 mercatoris
953 773 1088 859 ponitur
1115 774 1419 855 mercatoribus,

288 875 381 938 cuius
407 874 523 939 ultima
557 874 685 961 syllaba
718 899 777 960 per
810 876 1038 962 compendium
1073 877 1229 941 scribitur
1251 877 1300 958 b9,
1328 879 1417 942 etin

290 977 320 1042 H
345 977 477 1042 additur
498 980 548 1042 uel
571 979 620 1056 b;.
656 973 851 1044 Sirrnondus
874 980 1067 1045 mediatoris
1090 989 1123 1044 et
1137 983 1347 1046 medicatoris
1364 982 1420 1047 ad·

290 1081 426 1162 notavit,
441 1103 576 1165 quorum
599 1103 639 1144 ne
661 1081 743 1145 illud
765 1081 895 1166 quidem
918 1091 1030 1170 aptum
1060 1083 1199 1166 videtur,
1227 1107 1420 1170 quamquam

289 1185 329 1250 dc
353 1189 504 1251 locaticia
528 1186 733 1274 fatiqatioae
756 1194 789 1250 ct
812 1187 974 1252 mercibus
1008 1188 1270 1253 transmittendis
1299 1189 1333 1253 in
1363 1214 1420 1254 an-

288 1289 513 1354 tecedentibus
537 1312 643 1353 sermo
666 1289 738 1353 luit.
772 1290 858 1354 Mihi
882 1294 1086 1370 mercatoris,
1103 1291 1191 1375 quod
1215 1315 1279 1356 non
1303 1293 1335 1356 in
1353 1316 1421 1356 om-

290 1392 385 1456 nibus
401 1392 570 1458 codicibus
594 1393 767 1476 scribatur,
790 1393 979 1459 mutandum
1001 1393 1144 1477 videtur,
1166 1403 1202 1458 ut
1224 1397 1284 1459 liat
1299 1418 1421 1460 merca-

291 1509 397 1560 torum
425 1496 475 1560 vel
502 1501 733 1562 mercatoriam
768 1497 819 1560 vel
852 1502 1061 1562 mercationis
1090 1497 1140 1562 vel
1169 1498 1292 1584 aliquid
1321 1498 1420 1577 aliud,

288 1600 376 1684 quod
399 1600 530 1663 facilius
554 1623 625 1664 curn
649 1600 748 1664 verbo
763 1603 892 1684 fontem
915 1602 1069 1686 coniungi
1094 1602 1212 1686 possit.

390 1965 453 2052 Ep.
477 1965 529 2031 VI
554 1965 593 2029 10
617 1953 720 2052 (352).
765 1963 865 2043 Quem
899 1966 928 2027 si
957 1963 1140 2028 domesticis
1161 1964 1244 2046 fidei
1266 1964 1420 2048 deputata

291 2071 489 2134 humanitate
503 2068 659 2155 faueatis,
682 2068 723 2131 id
746 2078 802 2129 εει
823 2079 859 2130 at
882 2065 1024 2130 debitum
1045 2069 1157 2152 pletas
1182 2086 1334 2130 canonem
1356 2087 1421 2129 aon

284 2185 459 2261 petatur,
484 2182 609 2236 tantum
632 2170 739 2234 lucelli
763 2171 961 2254 praestitum
977 2169 1042 2234 sibi
1057 2180 1220 2256 computat
1237 2174 1421 2256 perecri-

289 2282 330 2341 ni
353 2277 521 2339 hominis
548 2285 589 2338 ut
619 2294 753 2338 census
782 2279 839 2337 sic
867 2276 1018 2336 animus
1047 2285 1250 2359 anqustiis,
1273 2296 1310 2336 ac
1333 2279 1362 2338 si
1383 2278 1420 2338 in

285 2383 398 2466 patrio
423 2380 489 2441 solo
513 2380 741 2441 rusticaretur.

389 2499 455 2564 326.
500 2495 542 2562 ld
565 2509 622 2580 cst,
644 2496 732 2582 quod
756 2495 789 2559 in
814 2495 845 2559 A
870 2497 1129 2582 superscriptum
1158 2505 1219 2577 est,
1243 2496 1353 2560 nescio
1378 2520 1418 2560 arr

288 2601 490 2668 retinendum
525 2601 579 2682 sit,
613 2623 805 2686 quamquam
841 2610 952 2686 aptum
987 2622 1051 2663 non
1086 2609 1157 2664 erat
1186 2599 1419 2664 humanitatem

288 2705 522 2770 christinanam
556 2703 665 2767 dicere
698 2704 732 2768 id
765 2704 873 2790 ipsum
907 2725 991 2783 esse,
1013 2701 1101 2787 quod
1135 2710 1203 2766 tum
1231 2703 1418 2790 rogabatur.

290 2804 356 2872 Sed
379 2809 429 2872 cfr
451 2831 533 2892 qnae
556 2831 632 2894 pag.
657 2808 695 2870 16
720 2806 760 2871 de
782 2831 833 2893 ep.
858 2807 875 2870 Ι
899 2808 917 2868 6
942 2807 1035 2892 (180)
1058 2806 1094 2869 id
1117 2819 1163 2871 est
1188 2814 1264 2870 sunt
1287 2807 1385 2871 dicta.

390 2930 455 2996 32⁷.
499 2929 651 3008 Petatur,
672 2929 761 3013 qnod
783 2929 817 2992 in
840 2927 963 2993 AHV
987 2949 1058 2991 esse
1079 2950 1141 3013 ego
1170 2927 1249 3010 vidi,
1273 2923 1420 2992 Sirmcn-

288 3034 349 3099 dus
373 3033 406 3097 in
430 3034 580 3098 omnibus
604 3032 670 3096 fere
693 3032 787 3096 libris
805 3031 941 3116 reperiri
959 3030 1052 3110 dicit,
1070 3031 1198 3096 rocteis
1212 3032 1360 3110 retinuit3
1385 3033 1418 3095 in

288 3138 321 3202 H
345 3137 530 3224 explicandi
565 3158 664 3200 causa
697 3134 828 3199 additur
857 3137 923 3199 ille.
969 3127 1079 3198 Ceteri
1109 3134 1251 3198 editores
1280 3144 1418 3220 exscepto

287 3243 418 3327 Mignio
439 3242 561 3325 petatis
585 3247 726 3324 ponunt3
750 3238 831 3302 satis
855 3237 958 3300 habeo
981 3237 1067 3300 idem
1091 3261 1129 3301 ac
1146 3234 1340 3302 Sirrnondus
1363 3237 1420 3302 ad·

288 3347 372 3409 ferre
395 3342 578 3428 exemplum
602 3364 699 3407 carru.
724 3343 775 3421 93,
799 3343 839 3404 29
869 3341 960 3427 (575)
984 3364 1143 3405 asseram
1169 3345 1418 3428 petimurque

263 3522 267 3530 Ι
288 3449 524 3534 reddimusque.

390 3569 455 3636 828.
500 3565 592 3649 Quae
615 3573 694 3652 post
715 3563 834 3628 litteris
858 3563 956 3628 latius
973 3563 1146 3650 dispositis
1169 3587 1308 3630 excussa
1332 3573 1418 3645 sunt,

288 3672 511 3761 parenthesim
534 3671 655 3736 habent
669 3667 881 3734 Wouwerius
898 3664 1024 3732 Savaro
1040 3667 1315 3734 Elrnenhorstius.
1350 3663 1417 3732 Sed

288 3800 350 3864 ego
384 3799 450 3841 non
474 3775 600 3857 dubito,
621 3773 699 3859 quin
723 3768 893 3854 Sidonius,
916 3780 953 3835 ut
981 3771 1077 3854 solet,
1101 3771 1250 3836 oratione
1273 3795 1292 3835 a
1314 3770 1419 3834 sensi-

288 3883 348 3946 bus
372 3887 526 3946 sevocata
554 3890 716 3966 computat
744 3877 883 3941 hominis
910 3888 946 3941 ut
969 3898 1076 3941 census
1100 3878 1147 3940 ric
1169 3879 1295 3940 animas
1318 3897 1418 3960 anpu-

289 3999 355 4052 stus
388 3986 435 4049 ita
468 3983 597 4064 dixerit,
620 3991 656 4046 ut
683 3983 727 4046 sit
755 3993 916 4067 computat
940 3981 1031 4044 homo
1054 3992 1089 4044 ut
1113 4001 1215 4062 ceusu,
1240 3983 1286 4044 sic
1308 3983 1417 4042 auimo

289 4102 436 4176 arquato.

751 4279 954 4287 -—-—-—-—
