3172 4908
296 193 315 255 ‘2

254 383 376 461 tieret,
401 382 542 445 crinium
565 383 835 468 superiacentium
851 381 996 466 flagellis
1020 384 1223 466 operiuntur.
1270 377 1383 447 Nasus

253 486 474 549 venustissime
506 486 669 548 intrarant.
720 479 833 546 Labra
867 481 1003 548 subtilia
1036 504 1093 547 nec
1125 483 1277 548 dilatatis
1312 487 1381 548 oria

253 587 383 674 napulie
407 587 576 672 ampliato.
622 585 668 650 Si
701 605 791 649 casa
823 585 999 650 dentium
1033 586 1160 650 ocriae
1189 585 1383 651 ordinato,

248 693 486 776 promineat,
507 690 660 754 niveum
680 690 867 772 protinas
891 691 1380 774 repraesentatoolorom.

252 791 341 857 Pilia
364 792 456 881 infra
478 793 610 856 narium
632 800 732 855 antra
746 790 989 877 fruticantibus
1018 793 1211 879 quotidiana
1235 795 1381 857 sarnaio.

253 894 366 959 Barba
401 897 547 960 concavis
582 893 674 958 birta
708 893 916 980 temporibus,
940 917 1035 982 φιαηι
1062 898 1098 959 in
1121 895 1252 960 subdita
1274 899 1380 960 vultus

250 1009 346 1084 parta
380 1009 562 1082 carpentem
595 999 746 1083 stirpitus
781 1008 892 1061 tonsor
926 999 1075 1063 assiduae
1107 1021 1207 1085 penos
1241 1000 1381 1085 adusque

244 1099 477 1188 forpicibus
511 1101 628 1164 euellit.
674 1101 780 1166 Menti
805 1103 953 1186 ynttnrio
988 1103 1065 1166 colli
1097 1122 1161 1166 non
1195 1103 1292 1181 obesi,
1328 1105 1380 1167 aad

254 1203 452 1268 saeuienti
479 1203 583 1267 lactea
618 1206 710 1284 cutis,
733 1225 812 1290 qnae
835 1206 976 1289 propina
1004 1208 1148 1291 inspectu
1170 1207 1307 1270 iuvenili
1329 1229 1383 1268 rn-

254 1307 329 1371 bore
352 1305 562 1394 suffunditur.
597 1299 744 1390 Namque
766 1305 849 1370 bana
874 1305 927 1370 itti
950 1307 1062 1371 crebro
1081 1309 1220 1372 colorem
1235 1328 1299 1372 nors
1317 1312 1387 1388 iro,

254 1409 308 1474 aed
331 1407 523 1474 uerecundia
537 1408 637 1496 facit.
731 1405 733 1412 ⁴
1045 1403 1048 1408 ’

356 1512 384 1577 2.
428 1511 540 1576 Verba
557 1522 666 1576 eaaoto
687 1501 821 1596 corpora
835 1510 925 1576 solus
944 1514 1150 1598 transposuit
1161 1512 1382 1579 Wouwerins.

357 1613 383 1679 3.
428 1614 469 1677 In
491 1613 600 1678 verbis
630 1615 738 1678 aeonio·
764 1634 828 1677 non
856 1615 942 1679 aedat
965 1617 1075 1680 nereio
1098 1625 1131 1680 et
1154 1617 1254 1681 nimia
1277 1617 1383 1681 brevi-

254 1724 306 1782 tas
317 1739 368 1781 me
380 1715 519 1782 offendit
533 1724 567 1781 et
583 1717 657 1803 ipsa
670 1718 841 1782 sententia.
867 1717 969 1784 Nulla
985 1719 1070 1784 enim
1082 1720 1193 1784 cervix
1212 1744 1276 1784 nori
1294 1719 1384 1784 sedet

254 1820 377 1901 nervis,
399 1819 464 1884 nisi
488 1819 675 1904 forte,quid
698 1819 807 1905 possit
829 1817 892 1885 hoc
915 1819 989 1884 loco
1013 1843 1086 1885 esse
1109 1823 1229 1906 sedero,
1246 1845 1383 1908 prorsus

254 1925 383 2011 ignoro.
438 1924 555 2008 Neque
589 1923 756 2010 Fertigins
789 1923 824 1988 iu
851 1934 1092 2010 programmate
1125 1925 1384 2012 Vircebnrgeusi

255 2051 285 2093 a.
310 2028 393 2095 1845
416 2031 508 2116 (pag.
531 2027 589 2111 28)
622 2035 711 2091 recte
738 2027 850 2091 vertit:
885 2026 942 2091 der
963 2027 1103 2092 Nackeu
1126 2030 1209 2093 'sitzt
1236 2027 1384 2094 mahtin

256 2130 319 2195 deu
344 2129 489 2195 Nerven.
533 2127 686 2195 Dicenda
713 2137 785 2194 arat
811 2129 922 2192 cervix
949 2129 1210 2216 prominentibus
1239 2131 1291 2195 rel
1314 2153 1385 2196 sur-

255 2232 409 2320 gentibus
432 2232 484 2296 vel
506 2231 623 2318 rigidis
646 2230 698 2295 vel
720 2232 842 2296 torosis
865 2230 917 2296 vel
933 2232 1018 2296 forte
1035 2233 1171 2299 nodosis
1189 2257 1255 2299 nou
1273 2234 1385 2299 sedere

256 2335 378 2418 nervis,
401 2333 532 2419 siquid
565 2334 634 2397 eius
662 2331 751 2398 modi
775 2334 955 2420 cogitatum
978 2343 1058 2417 erat,
1082 2335 1170 2420 quod
1193 2337 1226 2401 iu
1248 2335 1386 2422 gallico-

242 2462 328 2516 ,rum
360 2437 575 2522 interpretum
597 2436 748 2500 versione
771 2435 822 2500 his
851 2437 962 2504 verbis
990 2439 1152 2523 reperitur
1178 2461 1384 2525 expressum:

257 2541 315 2605 des
348 2537 439 2605 nerse
474 2536 624 2602 saillants
658 2561 698 2602 ne
731 2539 887 2604 viennent
919 2540 1015 2624 point
1049 2538 1188 2626 deparer
1222 2563 1283 2605 sou
1313 2563 1384 2604 con.

258 2639 408 2725 Quocum
441 2639 639 2708 conferenda
661 2650 713 2706 est
744 2641 824 2707 haec
853 2637 1033 2706 Savaronis
1057 2643 1251 2729 explicatio:
1275 2644 1393 2736 cervix,

258 2746 447 2812 succulenta
468 2754 529 2827 est,
551 2752 589 2809 ut
610 2767 676 2810 nou
699 2745 862 2810 emineant
882 2746 992 2823 nervi3
1025 2746 1059 2809 in
1088 2746 1158 2809 eius
1186 2745 1292 2832 ipsius
1320 2744 1388 2808 edi-

257 2850 347 2915 tione
369 2847 569 2913 contrarium
591 2855 699 2912 tamen
721 2847 925 2935 typothetae,
948 2856 984 2913 nt
1011 2847 1150 2930 videtur,
1174 2847 1272 2934 culpa
1294 2848 1388 2934 poni-

257 2960 325 3016 tur:
349 2953 459 3016 earoio
479 2973 544 3015 non
567 2952 653 3016 cedet
675 2955 845 3015 enervia.
892 2947 969 3033 Sed,
992 2958 1028 3013 ut
1051 2951 1115 3014 irun
1137 2949 1218 3030 dixi,
1240 2974 1306 3014 non
1329 2950 1388 3014 mi-

258 3077 320 3119 nus
341 3053 499 3140 displicet
520 3055 617 3119 nimis
640 3054 750 3119 brevis
773 3036 949 3119 verborum
967 3053 1230 3141 comprehensio.
1263 3055 1316 3120 Ex
1334 3077 1388 3118 co-

258 3156 387 3222 dicibus
419 3157 475 3220 vix
498 3156 672 3240 quidquam
696 3156 818 3220 adferri
845 3163 969 3243 potest,
990 3179 1055 3241 quo
1080 3156 1211 3222 facilior
1233 3156 1388 3221 reddatur

259 3257 451 3325 emendandi
475 3266 624 3341 conatus,
646 3259 711 3324 nisi
734 3258 878 3343 quadiu
901 3258 1033 3324 Pithoei
1055 3258 1141 3324 libro
1164 3260 1387 3344 manuscripto

258 3369 338 3449 post
358 3385 423 3426 non
445 3360 595 3426 lacunam
617 3384 690 3426 esse
713 3361 850 3428 adnotat
871 3359 1096 3427 Wouwerius.
1141 3362 1217 3427 Hoc
1240 3361 1325 3426 addo
1354 3362 1389 3424 in

258 3463 294 3530 H
316 3465 402 3531 sedat
423 3468 533 3530 neruis
560 3463 595 3528 iu
625 3473 780 3530 contextu
808 3465 983 3530 verborum
1005 3466 1163 3530 omissum
1185 3466 1219 3528 in
1242 3465 1393 3550 margine

260 3567 464 3654 adscriptum
483 3575 516 3631 ct
527 3568 560 3632 m
578 3568 611 3632 A
624 3568 650 3632 Z
661 3568 698 3634 X
710 3568 742 3633 Y
759 3577 839 3656 post
856 3571 977 3650 cervia,
994 3569 1029 3632 in
1046 3565 1080 3632 U
1091 3577 1171 3655 post
1193 3568 1279 3632 sedet
1290 3567 1389 3631 inter-

260 3679 417 3758 punctum
438 3692 522 3734 esse.
558 3670 648 3736 Mihi
672 3671 735 3737 hoc
758 3672 793 3735 in
815 3680 955 3736 mentem
972 3671 1078 3736 venit:
1103 3672 1214 3736 cereis
1230 3672 1389 3734 nonsatis

260 3775 363 3840 rotun
385 3773 511 3840 obsecra
533 3775 588 3840 aad
609 3787 641 3839 et
662 3779 783 3857 nervia,
812 3774 901 3860 quod
923 3774 1041 3859 quibus
1065 3772 1105 3837 de
1128 3773 1238 3838 causis
1255 3795 1390 3857 corrup·

260 3887 329 3942 tum
351 3876 396 3941 sit
417 3875 514 3940 facile
536 3877 749 3964 intellegitur.
795 3873 922 3942 Seneca
945 3875 1040 3962 (dial.
1064 3874 1102 3940 II
1125 3873 1166 3939 de
1194 3883 1300 3939 const.
1318 3896 1388 3958 sap.

263 3981 365 4066 18,1)
388 3977 429 4043 de
452 3971 493 4043 Ο.
506 3972 651 4045 Caesare
674 3979 747 4062 hoc,
769 3979 918 4066 quamvis
941 3979 971 4043 ei
988 3978 1070 4042 vitio
1089 3978 1133 4042 sit
1149 3975 1271 4058 datum,
1288 3974 1388 4039 dixit:

260 4082 353 4148 adice
375 4079 691 4148 obiectamenta
714 4085 920 4160 cervicina
942 4104 1002 4148 uec
1025 4103 1100 4144 raro
1123 4086 1157 4144 et
1178 4089 1247 4144 acta
1269 4076 1309 4142 de
1332 4075 1390 4140 ho-

259 4185 402 4252 minibus
425 4183 547 4249 dIcitur
563 4183 678 4274 (Ox-id.
700 4187 782 4250 Met.
805 4186 900 4251 XIII
923 4186 986 4249 849
1005 4183 1107 4248 barba
1120 4186 1209 4247 oiroa
1221 4181 1391 4268 hirtaeque
