<?xml version="1.0" encoding="UTF-8"?>
<!DOCTYPE html PUBLIC "-//W3C//DTD XHTML 1.0 Transitional//EN"
    "http://www.w3.org/TR/xhtml1/DTD/xhtml1-transitional.dtd">
<html xmlns="http://www.w3.org/1999/xhtml" xml:lang="en" lang="en">
 <head>
  <title>
</title>
<meta http-equiv="Content-Type" content="text/html;charset=utf-8" />
  <meta name='ocr-system' content='tesseract 3.04.00' />
  <meta name='ocr-capabilities' content='ocr_page ocr_carea ocr_par ocr_line ocrx_word'/>
</head>
<body>
  <div class='ocr_page' id='page_1' title='image "./deapollinarisid00gustgoog_0030.png"; bbox 0 0 3172 4908; ppageno 0'>
   <div class='ocr_carea' id='block_1_1' title="bbox 194 1364 1343 3410">
    <p class='ocr_par' dir='ltr' id='par_1_1' title="bbox 194 1364 1328 1850">
     <span class='ocr_line' id='line_1_1' title="bbox 298 1364 1328 1458; baseline -0.01 -20"><span class='ocrx_word' id='word_1_1' title='bbox 298 1372 362 1458; x_wconf 77' lang='lat' dir='ltr'>Ep.</span> <span class='ocrx_word' id='word_1_2' title='bbox 387 1371 439 1436; x_wconf 92' lang='lat' dir='ltr'>Il</span> <span class='ocrx_word' id='word_1_3' title='bbox 464 1371 531 1457; x_wconf 83' lang='lat' dir='ltr'>(ed.</span> <span class='ocrx_word' id='word_1_4' title='bbox 548 1370 660 1435; x_wconf 86' lang='lat' dir='ltr'>Baret.</span> <span class='ocrx_word' id='word_1_5' title='bbox 677 1392 753 1456; x_wconf 86' lang='lat' dir='ltr'>pag.</span> <span class='ocrx_word' id='word_1_6' title='bbox 774 1369 860 1454; x_wconf 77' lang='lat'>173).</span> <span class='ocrx_word' id='word_1_7' title='bbox 905 1364 971 1432; x_wconf 83' lang='lat' dir='ltr'>Sed</span> <span class='ocrx_word' id='word_1_8' title='bbox 994 1367 1117 1432; x_wconf 81' lang='lat' dir='ltr'>scilicet</span> <span class='ocrx_word' id='word_1_9' title='bbox 1143 1365 1206 1430; x_wconf 86' lang='lat' dir='ltr'>tibi</span> <span class='ocrx_word' id='word_1_10' title='bbox 1222 1369 1328 1452; x_wconf 86' lang='lat' dir='ltr'>parui</span> 
     </span>
     <span class='ocr_line' id='line_1_2' title="bbox 195 1469 1328 1562; baseline -0.006 -23"><span class='ocrx_word' id='word_1_11' title='bbox 195 1486 329 1562; x_wconf 75' lang='lat' dir='ltr'>tuaeque</span> <span class='ocrx_word' id='word_1_12' title='bbox 357 1476 593 1540; x_wconf 69' lang='lat' dir='ltr'><strong><em>examinationi</em></strong></span> <span class='ocrx_word' id='word_1_13' title='bbox 621 1473 678 1538; x_wconf 81' lang='lat' dir='ltr'>line</span> <span class='ocrx_word' id='word_1_14' title='bbox 706 1491 770 1535; x_wconf 92' lang='lat' dir='ltr'>non</span> <span class='ocrx_word' id='word_1_15' title='bbox 798 1471 1005 1536; x_wconf 84' lang='lat' dir='ltr'>recensendas</span> <span class='ocrx_word' id='word_1_16' title='bbox 1033 1469 1106 1554; x_wconf 77' lang='lat' dir='ltr'>(hoc</span> <span class='ocrx_word' id='word_1_17' title='bbox 1134 1471 1220 1533; x_wconf 87' lang='lat' dir='ltr'>enim</span> <span class='ocrx_word' id='word_1_18' title='bbox 1237 1492 1328 1555; x_wconf 84' lang='lat' dir='ltr'>pnr-</span> 
     </span>
     <span class='ocr_line' id='line_1_3' title="bbox 194 1571 1328 1664; baseline -0.007 -21"><span class='ocrx_word' id='word_1_19' title='bbox 194 1602 281 1645; x_wconf 84' lang='lat' dir='ltr'>uum</span> <span class='ocrx_word' id='word_1_20' title='bbox 310 1581 386 1664; x_wconf 86' lang='lat' dir='ltr'>eet),</span> <span class='ocrx_word' id='word_1_21' title='bbox 415 1579 470 1642; x_wconf 82' lang='lat' dir='ltr'>ced</span> <span class='ocrx_word' id='word_1_22' title='bbox 497 1575 720 1658; x_wconf 76' lang='lat' dir='ltr'>defaecandae,</span> <span class='ocrx_word' id='word_1_23' title='bbox 743 1585 780 1639; x_wconf 91' lang='lat' dir='ltr'>ut</span> <span class='ocrx_word' id='word_1_24' title='bbox 808 1575 911 1655; x_wconf 85' lang='lat' dir='ltr'>aiunt,</span> <span class='ocrx_word' id='word_1_25' title='bbox 936 1571 1157 1660; x_wconf 65' lang='lat' dir='ltr'><strong><em>limandasque</em></strong></span> <span class='ocrx_word' id='word_1_26' title='bbox 1182 1575 1328 1638; x_wconf 80' lang='lat' dir='ltr'>conimiri</span> 
     </span>
     <span class='ocr_line' id='line_1_4' title="bbox 197 1675 1327 1763; baseline -0.008 -14"><span class='ocrx_word' id='word_1_27' title='bbox 197 1684 300 1749; x_wconf 80' lang='lat' dir='ltr'>eniens</span> <span class='ocrx_word' id='word_1_28' title='bbox 329 1693 357 1747; x_wconf 86' lang='lat' dir='ltr'>te</span> <span class='ocrx_word' id='word_1_29' title='bbox 386 1682 592 1746; x_wconf 82' lang='lat' dir='ltr'>imurodiaurn</span> <span class='ocrx_word' id='word_1_30' title='bbox 627 1701 690 1746; x_wconf 82' lang='lat' dir='ltr'>eree</span> <span class='ocrx_word' id='word_1_31' title='bbox 716 1679 887 1763; x_wconf 83' lang='lat' dir='ltr'>fautorem</span> <span class='ocrx_word' id='word_1_32' title='bbox 919 1700 983 1740; x_wconf 87' lang='lat' dir='ltr'>non</span> <span class='ocrx_word' id='word_1_33' title='bbox 1012 1677 1194 1741; x_wconf 82' lang='lat' dir='ltr'>studiorum</span> <span class='ocrx_word' id='word_1_34' title='bbox 1223 1675 1327 1755; x_wconf 84' lang='lat' dir='ltr'>modo,</span> 
     </span>
     <span class='ocr_line' id='line_1_5' title="bbox 195 1784 683 1850; baseline -0.01 0"><span class='ocrx_word' id='word_1_35' title='bbox 195 1807 309 1850; x_wconf 88' lang='lat' dir='ltr'>uerum</span> <span class='ocrx_word' id='word_1_36' title='bbox 331 1789 431 1850; x_wconf 87' lang='lat' dir='ltr'>etiarn</span> <span class='ocrx_word' id='word_1_37' title='bbox 454 1784 683 1849; x_wconf 82' lang='lat' dir='ltr'>studiosorum.</span> 
     </span>
    </p>

    <p class='ocr_par' dir='ltr' id='par_1_2' title="bbox 194 1879 1343 3410">
     <span class='ocr_line' id='line_1_6' title="bbox 303 1879 1330 1972; baseline -0.008 -20"><span class='ocrx_word' id='word_1_38' title='bbox 303 1888 329 1952; x_wconf 90' lang='lat' dir='ltr'>l.</span> <span class='ocrx_word' id='word_1_39' title='bbox 361 1885 519 1968; x_wconf 83' lang='lat' dir='ltr'>Paruum,</span> <span class='ocrx_word' id='word_1_40' title='bbox 536 1885 624 1972; x_wconf 91' lang='lat' dir='ltr'>quod</span> <span class='ocrx_word' id='word_1_41' title='bbox 640 1886 675 1950; x_wconf 91' lang='lat' dir='ltr'>in</span> <span class='ocrx_word' id='word_1_42' title='bbox 690 1887 724 1952; x_wconf 93' lang='lat' dir='ltr'><strong>A</strong></span> <span class='ocrx_word' id='word_1_43' title='bbox 735 1885 769 1951; x_wconf 90' lang='lat' dir='ltr'>H</span> <span class='ocrx_word' id='word_1_44' title='bbox 781 1885 852 1952; x_wconf 80' lang='lat' dir='ltr'>RF</span> <span class='ocrx_word' id='word_1_45' title='bbox 872 1885 1029 1970; x_wconf 88' lang='lat' dir='ltr'>scriptum</span> <span class='ocrx_word' id='word_1_46' title='bbox 1048 1891 1107 1963; x_wconf 88' lang='lat' dir='ltr'>est,</span> <span class='ocrx_word' id='word_1_47' title='bbox 1128 1879 1330 1948; x_wconf 84' lang='lat' dir='ltr'>Savaronem</span> 
     </span>
     <span class='ocr_line' id='line_1_7' title="bbox 194 1983 1329 2078; baseline -0.008 -23"><span class='ocrx_word' id='word_1_48' title='bbox 194 1997 233 2055; x_wconf 85' lang='lat' dir='ltr'>et</span> <span class='ocrx_word' id='word_1_49' title='bbox 253 1989 534 2078; x_wconf 73' lang='lat' dir='ltr'>Elmenhorstium</span> <span class='ocrx_word' id='word_1_50' title='bbox 558 1997 646 2053; x_wconf 90' lang='lat' dir='ltr'>recte</span> <span class='ocrx_word' id='word_1_51' title='bbox 676 1989 853 2054; x_wconf 83' lang='lat' dir='ltr'><strong><em>retinuisse</em></strong></span> <span class='ocrx_word' id='word_1_52' title='bbox 881 2009 1016 2065; x_wconf 83' lang='lat' dir='ltr'>cense03</span> <span class='ocrx_word' id='word_1_53' title='bbox 1039 2009 1173 2072; x_wconf 84' lang='lat' dir='ltr'>parum,</span> <span class='ocrx_word' id='word_1_54' title='bbox 1194 1983 1283 2068; x_wconf 94' lang='lat' dir='ltr'>quod</span> <span class='ocrx_word' id='word_1_55' title='bbox 1311 2007 1329 2046; x_wconf 88' lang='lat' dir='ltr'>a</span> 
     </span>
     <span class='ocr_line' id='line_1_8' title="bbox 198 2089 1331 2178; baseline -0.005 -21"><span class='ocrx_word' id='word_1_56' title='bbox 198 2089 393 2158; x_wconf 89' lang='lat' dir='ltr'>Wouwerio</span> <span class='ocrx_word' id='word_1_57' title='bbox 419 2089 594 2156; x_wconf 87' lang='lat' dir='ltr'>Sirmondo</span> <span class='ocrx_word' id='word_1_58' title='bbox 612 2090 743 2178; x_wconf 85' lang='lat' dir='ltr'>Mignio</span> <span class='ocrx_word' id='word_1_59' title='bbox 760 2091 882 2156; x_wconf 90' lang='lat' dir='ltr'>Bareto</span> <span class='ocrx_word' id='word_1_60' title='bbox 901 2098 951 2155; x_wconf 90' lang='lat' dir='ltr'>est</span> <span class='ocrx_word' id='word_1_61' title='bbox 968 2096 1146 2175; x_wconf 87' lang='lat' dir='ltr'>receptum,</span> <span class='ocrx_word' id='word_1_62' title='bbox 1164 2111 1204 2152; x_wconf 83' lang='lat' dir='ltr'>ex</span> <span class='ocrx_word' id='word_1_63' title='bbox 1219 2109 1331 2152; x_wconf 87' lang='lat' dir='ltr'>recen-</span> 
     </span>
     <span class='ocr_line' id='line_1_9' title="bbox 196 2189 1330 2276; baseline -0.004 -18"><span class='ocrx_word' id='word_1_64' title='bbox 196 2195 340 2261; x_wconf 78' lang='lat' dir='ltr'>tioribus</span> <span class='ocrx_word' id='word_1_65' title='bbox 363 2195 457 2260; x_wconf 88' lang='lat' dir='ltr'>libris</span> <span class='ocrx_word' id='word_1_66' title='bbox 480 2193 599 2260; x_wconf 91' lang='lat' dir='ltr'>XYZ</span> <span class='ocrx_word' id='word_1_67' title='bbox 624 2193 814 2258; x_wconf 86' lang='lat' dir='ltr'>adnotatum</span> <span class='ocrx_word' id='word_1_68' title='bbox 837 2200 897 2272; x_wconf 87' lang='lat' dir='ltr'>est,</span> <span class='ocrx_word' id='word_1_69' title='bbox 914 2213 1051 2276; x_wconf 90' lang='lat' dir='ltr'>quorum</span> <span class='ocrx_word' id='word_1_70' title='bbox 1074 2213 1114 2255; x_wconf 82' lang='lat' dir='ltr'>ex</span> <span class='ocrx_word' id='word_1_71' title='bbox 1134 2213 1196 2254; x_wconf 93' lang='lat' dir='ltr'>uno</span> <span class='ocrx_word' id='word_1_72' title='bbox 1215 2189 1330 2255; x_wconf 84' lang='lat' dir='ltr'>saltem</span> 
     </span>
     <span class='ocr_line' id='line_1_10' title="bbox 201 2291 1330 2384; baseline -0.005 -22"><span class='ocrx_word' id='word_1_73' title='bbox 201 2297 238 2379; x_wconf 87' lang='lat' dir='ltr'>Z,</span> <span class='ocrx_word' id='word_1_74' title='bbox 261 2298 383 2384; x_wconf 85' lang='lat' dir='ltr'>quippe</span> <span class='ocrx_word' id='word_1_75' title='bbox 416 2319 489 2362; x_wconf 89' lang='lat' dir='ltr'>cum</span> <span class='ocrx_word' id='word_1_76' title='bbox 524 2296 564 2362; x_wconf 92' lang='lat' dir='ltr'>ab</span> <span class='ocrx_word' id='word_1_77' title='bbox 592 2296 627 2361; x_wconf 90' lang='lat' dir='ltr'><strong>H</strong></span> <span class='ocrx_word' id='word_1_78' title='bbox 649 2305 681 2360; x_wconf 90' lang='lat' dir='ltr'>et</span> <span class='ocrx_word' id='word_1_79' title='bbox 710 2296 741 2364; x_wconf 83' lang='lat' dir='ltr'><strong>R</strong></span> <span class='ocrx_word' id='word_1_80' title='bbox 773 2295 948 2382; x_wconf 80' lang='lat' dir='ltr'>discrepet,</span> <span class='ocrx_word' id='word_1_81' title='bbox 982 2316 1048 2358; x_wconf 91' lang='lat' dir='ltr'>non</span> <span class='ocrx_word' id='word_1_82' title='bbox 1080 2293 1185 2358; x_wconf 87' lang='lat' dir='ltr'>levius</span> <span class='ocrx_word' id='word_1_83' title='bbox 1219 2291 1330 2378; x_wconf 86' lang='lat' dir='ltr'>possis</span> 
     </span>
     <span class='ocr_line' id='line_1_11' title="bbox 201 2395 1331 2486; baseline -0.004 -22"><span class='ocrx_word' id='word_1_84' title='bbox 201 2399 334 2466; x_wconf 88' lang='lat' dir='ltr'>alterius</span> <span class='ocrx_word' id='word_1_85' title='bbox 368 2399 521 2465; x_wconf 89' lang='lat' dir='ltr'>lectionis</span> <span class='ocrx_word' id='word_1_86' title='bbox 547 2421 672 2464; x_wconf 86' lang='lat' dir='ltr'>sumere</span> <span class='ocrx_word' id='word_1_87' title='bbox 700 2406 926 2486; x_wconf 83' lang='lat' dir='ltr'>argumentum</span> <span class='ocrx_word' id='word_1_88' title='bbox 959 2419 1055 2482; x_wconf 86' lang='lat' dir='ltr'>quam</span> <span class='ocrx_word' id='word_1_89' title='bbox 1082 2397 1163 2478; x_wconf 88' lang='lat' dir='ltr'>eius,</span> <span class='ocrx_word' id='word_1_90' title='bbox 1191 2395 1331 2481; x_wconf 89' lang='lat' dir='ltr'>quaein</span> 
     </span>
     <span class='ocr_line' id='line_1_12' title="bbox 200 2493 1331 2589; baseline -0.005 -23"><span class='ocrx_word' id='word_1_91' title='bbox 200 2503 275 2589; x_wconf 88' lang='lat' dir='ltr'>ipso</span> <span class='ocrx_word' id='word_1_92' title='bbox 300 2501 415 2567; x_wconf 89' lang='lat' dir='ltr'>codice</span> <span class='ocrx_word' id='word_1_93' title='bbox 438 2509 500 2566; x_wconf 88' lang='lat' dir='ltr'>est.</span> <span class='ocrx_word' id='word_1_94' title='bbox 544 2501 639 2566; x_wconf 80' lang='lat' dir='ltr'><strong><em>Dicit</em></strong></span> <span class='ocrx_word' id='word_1_95' title='bbox 662 2497 820 2566; x_wconf 88' lang='lat' dir='ltr'>Sidonius</span> <span class='ocrx_word' id='word_1_96' title='bbox 845 2493 1078 2565; x_wconf 83' lang='lat' dir='ltr'>Constantium</span> <span class='ocrx_word' id='word_1_97' title='bbox 1107 2507 1173 2562; x_wconf 87' lang='lat' dir='ltr'>tam</span> <span class='ocrx_word' id='word_1_98' title='bbox 1196 2497 1267 2579; x_wconf 36' lang='lat' dir='ltr'>sibi,</span> <span class='ocrx_word' id='word_1_99' title='bbox 1284 2497 1331 2562; x_wconf 87' lang='lat' dir='ltr'>fa-</span> 
     </span>
     <span class='ocr_line' id='line_1_13' title="bbox 201 2600 1333 2691; baseline -0.004 -23"><span class='ocrx_word' id='word_1_100' title='bbox 201 2625 287 2687; x_wconf 82' lang='lat' dir='ltr'>vere,</span> <span class='ocrx_word' id='word_1_101' title='bbox 310 2612 347 2669; x_wconf 93' lang='lat' dir='ltr'>ut</span> <span class='ocrx_word' id='word_1_102' title='bbox 370 2605 400 2670; x_wconf 90' lang='lat' dir='ltr'>ei</span> <span class='ocrx_word' id='word_1_103' title='bbox 423 2603 583 2691; x_wconf 84' lang='lat' dir='ltr'>epistulas</span> <span class='ocrx_word' id='word_1_104' title='bbox 614 2625 689 2668; x_wconf 86' lang='lat' dir='ltr'>suas</span> <span class='ocrx_word' id='word_1_105' title='bbox 719 2626 785 2667; x_wconf 90' lang='lat' dir='ltr'>non</span> <span class='ocrx_word' id='word_1_106' title='bbox 816 2600 921 2668; x_wconf 87' lang='lat' dir='ltr'>solum</span> <span class='ocrx_word' id='word_1_107' title='bbox 956 2600 1186 2666; x_wconf 77' lang='lat' dir='ltr'>examinandas</span> <span class='ocrx_word' id='word_1_108' title='bbox 1218 2608 1251 2664; x_wconf 86' lang='lat' dir='ltr'>et</span> <span class='ocrx_word' id='word_1_109' title='bbox 1283 2622 1333 2664; x_wconf 88' lang='lat' dir='ltr'>re·</span> 
     </span>
     <span class='ocr_line' id='line_1_14' title="bbox 197 2702 1332 2794; baseline -0.006 -21"><span class='ocrx_word' id='word_1_110' title='bbox 197 2708 395 2791; x_wconf 85' lang='lat' dir='ltr'>censendas,</span> <span class='ocrx_word' id='word_1_111' title='bbox 413 2731 495 2793; x_wconf 88' lang='lat' dir='ltr'>quac</span> <span class='ocrx_word' id='word_1_112' title='bbox 517 2730 621 2794; x_wconf 87' lang='lat' dir='ltr'>parva</span> <span class='ocrx_word' id='word_1_113' title='bbox 643 2715 677 2771; x_wconf 89' lang='lat' dir='ltr'>et</span> <span class='ocrx_word' id='word_1_114' title='bbox 698 2705 807 2772; x_wconf 84' lang='lat' dir='ltr'>facilis</span> <span class='ocrx_word' id='word_1_115' title='bbox 826 2727 878 2770; x_wconf 87' lang='lat' dir='ltr'>res</span> <span class='ocrx_word' id='word_1_116' title='bbox 898 2705 952 2786; x_wconf 86' lang='lat' dir='ltr'>sit,</span> <span class='ocrx_word' id='word_1_117' title='bbox 976 2704 1034 2770; x_wconf 88' lang='lat' dir='ltr'>sed</span> <span class='ocrx_word' id='word_1_118' title='bbox 1057 2727 1096 2768; x_wconf 91' lang='lat' dir='ltr'>ne</span> <span class='ocrx_word' id='word_1_119' title='bbox 1113 2702 1332 2768; x_wconf 85' lang='lat' dir='ltr'>emendandas</span> 
     </span>
     <span class='ocr_line' id='line_1_15' title="bbox 197 2805 1343 2894; baseline -0.004 -19"><span class='ocrx_word' id='word_1_120' title='bbox 197 2810 331 2894; x_wconf 43' lang='lat' dir='ltr'>*quidem</span> <span class='ocrx_word' id='word_1_121' title='bbox 366 2810 495 2875; x_wconf 82' lang='lat' dir='ltr'>tradere</span> <span class='ocrx_word' id='word_1_122' title='bbox 524 2809 661 2875; x_wconf 86' lang='lat' dir='ltr'>dubitet.</span> <span class='ocrx_word' id='word_1_123' title='bbox 707 2809 834 2874; x_wconf 83' lang='lat' dir='ltr'>Parum</span> <span class='ocrx_word' id='word_1_124' title='bbox 856 2807 920 2872; x_wconf 90' lang='lat' dir='ltr'>hoc</span> <span class='ocrx_word' id='word_1_125' title='bbox 948 2808 1023 2873; x_wconf 92' lang='lat' dir='ltr'>loco</span> <span class='ocrx_word' id='word_1_126' title='bbox 1053 2805 1161 2888; x_wconf 86' lang='lat' dir='ltr'>simili,</span> <span class='ocrx_word' id='word_1_127' title='bbox 1185 2806 1343 2891; x_wconf 83' lang='lat' dir='ltr'>quamvis</span> 
     </span>
     <span class='ocr_line' id='line_1_16' title="bbox 199 2909 1331 2998; baseline -0.004 -22"><span class='ocrx_word' id='word_1_128' title='bbox 199 2932 269 2976; x_wconf 64' lang='lat' dir='ltr'>&#39;non</span> <span class='ocrx_word' id='word_1_129' title='bbox 290 2934 428 2998; x_wconf 88' lang='lat' dir='ltr'>prorsus</span> <span class='ocrx_word' id='word_1_130' title='bbox 452 2911 567 2976; x_wconf 90' lang='lat' dir='ltr'>eodem</span> <span class='ocrx_word' id='word_1_131' title='bbox 589 2910 687 2975; x_wconf 91' lang='lat' dir='ltr'>modo</span> <span class='ocrx_word' id='word_1_132' title='bbox 711 2911 791 2997; x_wconf 89' lang='lat' dir='ltr'>poni</span> <span class='ocrx_word' id='word_1_133' title='bbox 809 2911 951 2974; x_wconf 86' lang='lat' dir='ltr'>fortasse</span> <span class='ocrx_word' id='word_1_134' title='bbox 968 2909 1078 2995; x_wconf 87' lang='lat' dir='ltr'>potuit</span> <span class='ocrx_word' id='word_1_135' title='bbox 1092 2916 1189 2994; x_wconf 87' lang='lat' dir='ltr'>atque</span> <span class='ocrx_word' id='word_1_136' title='bbox 1209 2931 1331 2994; x_wconf 86' lang='lat' dir='ltr'>parurn</span> 
     </span>
     <span class='ocr_line' id='line_1_17' title="bbox 198 3011 1331 3104; baseline -0.004 -24"><span class='ocrx_word' id='word_1_137' title='bbox 198 3028 249 3080; x_wconf 81' lang='lat' dir='ltr'>eet</span> <span class='ocrx_word' id='word_1_138' title='bbox 273 3016 366 3104; x_wconf 79' lang='lat' dir='ltr'>quod,</span> <span class='ocrx_word' id='word_1_139' title='bbox 385 3037 507 3102; x_wconf 81' lang='lat' dir='ltr'>parum</span> <span class='ocrx_word' id='word_1_140' title='bbox 535 3026 581 3079; x_wconf 88' lang='lat' dir='ltr'>eet</span> <span class='ocrx_word' id='word_1_141' title='bbox 611 3023 658 3097; x_wconf 88' lang='lat' dir='ltr'>ut,</span> <span class='ocrx_word' id='word_1_142' title='bbox 681 3021 799 3094; x_wconf 84' lang='lat' dir='ltr'>cetera,</span> <span class='ocrx_word' id='word_1_143' title='bbox 821 3021 858 3077; x_wconf 90' lang='lat' dir='ltr'>ut</span> <span class='ocrx_word' id='word_1_144' title='bbox 880 3012 1082 3099; x_wconf 87' lang='lat' dir='ltr'>significaret</span> <span class='ocrx_word' id='word_1_145' title='bbox 1108 3011 1331 3098; x_wconf 74' lang='lat' dir='ltr'>recensionem</span> 
     </span>
     <span class='ocr_line' id='line_1_18' title="bbox 203 3097 1331 3203; baseline -0.003 -20"><span class='ocrx_word' id='word_1_146' title='bbox 203 3139 269 3184; x_wconf 89' lang='lat' dir='ltr'>non</span> <span class='ocrx_word' id='word_1_147' title='bbox 304 3119 465 3199; x_wconf 84' lang='lat' dir='ltr'>sufficere,</span> <span class='ocrx_word' id='word_1_148' title='bbox 495 3116 653 3182; x_wconf 88' lang='lat' dir='ltr'>accedere</span> <span class='ocrx_word' id='word_1_149' title='bbox 688 3124 839 3203; x_wconf 82' lang='lat' dir='ltr'>oportere</span> <span class='ocrx_word' id='word_1_150' title='bbox 874 3114 1141 3190; x_wconf 84' lang='lat' dir='ltr'>emendationem.</span> <span class='ocrx_word' id='word_1_151' title='bbox 1198 3097 1266 3179; x_wconf 86' lang='lat' dir='ltr'>Sed</span> <span class='ocrx_word' id='word_1_152' title='bbox 1298 3113 1331 3180; x_wconf 90' lang='lat' dir='ltr'>id</span> 
     </span>
     <span class='ocr_line' id='line_1_19' title="bbox 199 3217 1334 3307; baseline -0.004 -23"><span class='ocrx_word' id='word_1_153' title='bbox 199 3221 313 3307; x_wconf 83' lang='lat' dir='ltr'>ipsum</span> <span class='ocrx_word' id='word_1_154' title='bbox 336 3219 510 3286; x_wconf 83' lang='lat' dir='ltr'>alibrariis</span> <span class='ocrx_word' id='word_1_155' title='bbox 529 3241 771 3304; x_wconf 84' lang='lat' dir='ltr'>nonnumquam</span> <span class='ocrx_word' id='word_1_156' title='bbox 781 3218 929 3282; x_wconf 83' lang='lat' dir='ltr'>ridemus</span> <span class='ocrx_word' id='word_1_157' title='bbox 946 3241 1007 3305; x_wconf 92' lang='lat' dir='ltr'>pro</span> <span class='ocrx_word' id='word_1_158' title='bbox 1020 3217 1183 3282; x_wconf 86' lang='lat' dir='ltr'>adiectivo</span> <span class='ocrx_word' id='word_1_159' title='bbox 1193 3240 1334 3303; x_wconf 83' lang='lat' dir='ltr'>parcum</span> 
     </span>
     <span class='ocr_line' id='line_1_20' title="bbox 202 3314 1295 3410; baseline -0.005 -21"><span class='ocrx_word' id='word_1_160' title='bbox 202 3323 364 3410; x_wconf 83' lang='lat' dir='ltr'>positum3</span> <span class='ocrx_word' id='word_1_161' title='bbox 388 3323 438 3388; x_wconf 89' lang='lat' dir='ltr'>cfr</span> <span class='ocrx_word' id='word_1_162' title='bbox 459 3343 541 3406; x_wconf 88' lang='lat' dir='ltr'>quae</span> <span class='ocrx_word' id='word_1_163' title='bbox 565 3321 650 3386; x_wconf 86' lang='lat' dir='ltr'>dixit</span> <span class='ocrx_word' id='word_1_164' title='bbox 671 3321 865 3407; x_wconf 82' lang='lat' dir='ltr'>Madvigius</span> <span class='ocrx_word' id='word_1_165' title='bbox 889 3320 930 3385; x_wconf 91' lang='lat' dir='ltr'>ad</span> <span class='ocrx_word' id='word_1_166' title='bbox 953 3314 1027 3386; x_wconf 83' lang='lat' dir='ltr'>Oia.</span> <span class='ocrx_word' id='word_1_167' title='bbox 1050 3321 1103 3390; x_wconf 90' lang='lat' dir='ltr'>fin.</span> <span class='ocrx_word' id='word_1_168' title='bbox 1122 3320 1153 3385; x_wconf 89' lang='lat' dir='ltr'>V</span> <span class='ocrx_word' id='word_1_169' title='bbox 1173 3322 1225 3401; x_wconf 89' lang='lat'>30,</span> <span class='ocrx_word' id='word_1_170' title='bbox 1243 3322 1295 3385; x_wconf 82' lang='lat'>91.</span> 
     </span>
    </p>
   </div>
   <div class='ocr_carea' id='block_1_2' title="bbox 199 3631 1337 4337">
    <p class='ocr_par' dir='ltr' id='par_1_3' title="bbox 199 3631 1337 4337">
     <span class='ocr_line' id='line_1_21' title="bbox 307 3631 1334 3718; baseline -0.004 -22"><span class='ocrx_word' id='word_1_171' title='bbox 307 3631 564 3717; x_wconf 77' lang='lat' dir='ltr'>Ep.12(175).</span> <span class='ocrx_word' id='word_1_172' title='bbox 600 3633 640 3695; x_wconf 86' lang='lat' dir='ltr'>Si</span> <span class='ocrx_word' id='word_1_173' title='bbox 651 3631 768 3718; x_wconf 75' lang='lat' dir='ltr'>fornia</span> <span class='ocrx_word' id='word_1_174' title='bbox 784 3641 970 3714; x_wconf 78' lang='lat' dir='ltr'>quaeratur,</span> <span class='ocrx_word' id='word_1_175' title='bbox 996 3650 1160 3715; x_wconf 82' lang='lat' dir='ltr'>corpore</span> <span class='ocrx_word' id='word_1_176' title='bbox 1189 3641 1334 3707; x_wconf 82' lang='lat' dir='ltr'>exacto,</span> 
     </span>
     <span class='ocr_line' id='line_1_22' title="bbox 203 3731 1336 3820; baseline -0.004 -19"><span class='ocrx_word' id='word_1_177' title='bbox 203 3735 404 3820; x_wconf 75' lang='lat' dir='ltr'>lonpireineie</span> <span class='ocrx_word' id='word_1_178' title='bbox 418 3733 558 3814; x_wconf 84' lang='lat' dir='ltr'>breuior,</span> <span class='ocrx_word' id='word_1_179' title='bbox 569 3735 742 3818; x_wconf 80' lang='lat' dir='ltr'>procerior</span> <span class='ocrx_word' id='word_1_180' title='bbox 761 3735 1013 3818; x_wconf 78' lang='lat' dir='ltr'>eminentiorque</span> <span class='ocrx_word' id='word_1_181' title='bbox 1030 3731 1257 3797; x_wconf 81' lang='lat' dir='ltr'>mediocribus.</span> <span class='ocrx_word' id='word_1_182' title='bbox 1277 3731 1336 3796; x_wconf 85' lang='lat' dir='ltr'>Ca·</span> 
     </span>
     <span class='ocr_line' id='line_1_23' title="bbox 199 3836 1337 3924; baseline -0.002 -23"><span class='ocrx_word' id='word_1_183' title='bbox 199 3840 287 3924; x_wconf 76' lang='lat' dir='ltr'>pitis</span> <span class='ocrx_word' id='word_1_184' title='bbox 310 3857 394 3922; x_wconf 82' lang='lat' dir='ltr'>apen</span> <span class='ocrx_word' id='word_1_185' title='bbox 417 3837 586 3918; x_wconf 84' lang='lat' dir='ltr'>rotundus,</span> <span class='ocrx_word' id='word_1_186' title='bbox 608 3839 644 3900; x_wconf 89' lang='lat' dir='ltr'>in</span> <span class='ocrx_word' id='word_1_187' title='bbox 668 3857 727 3921; x_wconf 84' lang='lat' dir='ltr'>quo</span> <span class='ocrx_word' id='word_1_188' title='bbox 754 3837 926 3922; x_wconf 83' lang='lat' dir='ltr'>paululum</span> <span class='ocrx_word' id='word_1_189' title='bbox 950 3861 969 3900; x_wconf 90' lang='lat' dir='ltr'><strong><em>a</em></strong></span> <span class='ocrx_word' id='word_1_190' title='bbox 990 3839 1133 3922; x_wconf 84' lang='lat' dir='ltr'>planitie</span> <span class='ocrx_word' id='word_1_191' title='bbox 1148 3836 1277 3921; x_wconf 82' lang='lat' dir='ltr'>frantie</span> <span class='ocrx_word' id='word_1_192' title='bbox 1300 3839 1337 3900; x_wconf 88' lang='lat' dir='ltr'>in</span> 
     </span>
     <span class='ocr_line' id='line_1_24' title="bbox 205 3940 1336 4027; baseline -0.002 -21"><span class='ocrx_word' id='word_1_193' title='bbox 205 3944 359 4006; x_wconf 83' lang='lat' dir='ltr'>uerticem</span> <span class='ocrx_word' id='word_1_194' title='bbox 388 3942 548 4004; x_wconf 83' lang='lat' dir='ltr'>onerariae</span> <span class='ocrx_word' id='word_1_195' title='bbox 576 3941 692 4027; x_wconf 75' lang='lat' dir='ltr'>refuqa</span> <span class='ocrx_word' id='word_1_196' title='bbox 718 3942 897 4024; x_wconf 80' lang='lat' dir='ltr'>crispatur.</span> <span class='ocrx_word' id='word_1_197' title='bbox 945 3940 1090 4006; x_wconf 83' lang='lat' dir='ltr'>Ceroin</span> <span class='ocrx_word' id='word_1_198' title='bbox 1122 3961 1196 4003; x_wconf 88' lang='lat' dir='ltr'>non</span> <span class='ocrx_word' id='word_1_199' title='bbox 1230 3941 1336 4004; x_wconf 83' lang='lat' dir='ltr'>redet</span> 
     </span>
     <span class='ocr_line' id='line_1_25' title="bbox 202 4043 1336 4128; baseline 0 -21"><span class='ocrx_word' id='word_1_200' title='bbox 202 4045 352 4108; x_wconf 74' lang='lat' dir='ltr'>nervii.</span> <span class='ocrx_word' id='word_1_201' title='bbox 412 4043 564 4112; x_wconf 76' lang='lat' dir='ltr'>Geminos</span> <span class='ocrx_word' id='word_1_202' title='bbox 607 4043 698 4107; x_wconf 84' lang='lat' dir='ltr'>orbes</span> <span class='ocrx_word' id='word_1_203' title='bbox 734 4043 882 4128; x_wconf 75' lang='lat' dir='ltr'>hispidus</span> <span class='ocrx_word' id='word_1_204' title='bbox 921 4043 1168 4127; x_wconf 80' lang='lat' dir='ltr'>superciliorum</span> <span class='ocrx_word' id='word_1_205' title='bbox 1202 4055 1336 4107; x_wconf 86' lang='lat' dir='ltr'>coronat</span> 
     </span>
     <span class='ocr_line' id='line_1_26' title="bbox 203 4143 1336 4232; baseline 0 -22"><span class='ocrx_word' id='word_1_206' title='bbox 203 4166 311 4211; x_wconf 81' lang='lat' dir='ltr'>arcuo.</span> <span class='ocrx_word' id='word_1_207' title='bbox 358 4143 400 4210; x_wconf 79' lang='lat' dir='ltr'>Si</span> <span class='ocrx_word' id='word_1_208' title='bbox 421 4167 497 4211; x_wconf 87' lang='lat' dir='ltr'>uero</span> <span class='ocrx_word' id='word_1_209' title='bbox 523 4149 600 4212; x_wconf 87' lang='lat' dir='ltr'>cilia</span> <span class='ocrx_word' id='word_1_210' title='bbox 616 4146 805 4232; x_wconf 81' lang='lat' dir='ltr'>flectantur,</span> <span class='ocrx_word' id='word_1_211' title='bbox 829 4147 871 4210; x_wconf 90' lang='lat' dir='ltr'>ud</span> <span class='ocrx_word' id='word_1_212' title='bbox 893 4147 996 4211; x_wconf 82' lang='lat' dir='ltr'>malae</span> <span class='ocrx_word' id='word_1_213' title='bbox 1019 4145 1141 4210; x_wconf 80' lang='lat' dir='ltr'>uredine</span> <span class='ocrx_word' id='word_1_214' title='bbox 1158 4147 1336 4232; x_wconf 80' lang='lat' dir='ltr'>palpebra·</span> 
     </span>
     <span class='ocr_line' id='line_1_27' title="bbox 205 4249 1336 4337; baseline 0 -25"><span class='ocrx_word' id='word_1_215' title='bbox 205 4272 281 4315; x_wconf 86' lang='lat' dir='ltr'>rum</span> <span class='ocrx_word' id='word_1_216' title='bbox 304 4270 418 4336; x_wconf 74' lang='lat' dir='ltr'>marpo</span> <span class='ocrx_word' id='word_1_217' title='bbox 440 4273 542 4337; x_wconf 83' lang='lat' dir='ltr'>prope</span> <span class='ocrx_word' id='word_1_218' title='bbox 561 4253 724 4336; x_wconf 80' lang='lat' dir='ltr'>peruenit.</span> <span class='ocrx_word' id='word_1_219' title='bbox 752 4249 894 4314; x_wconf 82' lang='lat' dir='ltr'>Aurium</span> <span class='ocrx_word' id='word_1_220' title='bbox 918 4251 1051 4334; x_wconf 71' lang='lat' dir='ltr'>lepulae,</span> <span class='ocrx_word' id='word_1_221' title='bbox 1073 4251 1155 4335; x_wconf 78' lang='lat' dir='ltr'>sieut</span> <span class='ocrx_word' id='word_1_222' title='bbox 1177 4269 1244 4313; x_wconf 84' lang='lat' dir='ltr'>mos</span> <span class='ocrx_word' id='word_1_223' title='bbox 1259 4271 1336 4336; x_wconf 71' lang='lat' dir='ltr'>qen-</span> 
     </span>
    </p>
   </div>
   <div class='ocr_carea' id='block_1_3' title="bbox 0 0 1593 4908">
    <p class='ocr_par' dir='ltr' id='par_1_4' title="bbox 0 0 1593 4908">
     <span class='ocr_line' id='line_1_28' title="bbox 0 0 1593 4908; baseline 0 0"><span class='ocrx_word' id='word_1_224' title='bbox 0 0 1593 4908; x_wconf 95' lang='lat' dir='ltr'> </span> 
     </span>
    </p>
   </div>
  </div>
 </body>
</html>
