3186 4900
1201 253 1242 318 63

166 437 293 502 illarum
315 439 437 504 omisso
459 451 495 504 ut
519 440 677 526 scripturn
700 447 761 505 est.
796 440 860 506 Illo
884 447 971 506 certe
989 437 1160 506 aSidonio
1185 443 1284 508 scribi

167 541 276 626 potnit.
321 543 408 608 Mihi
443 544 521 608 haec
556 566 626 607 mea
659 544 780 608 arridet
808 545 1012 610 coniectura:
1047 547 1100 610 sed
1129 567 1226 634 neque
1250 569 1287 610 er

163 648 219 708 illo
253 667 321 710 euru
347 648 463 732 ferunt
491 669 634 728 numeru,
664 656 700 710 ut
727 648 879 712 audiatur
907 671 981 713 esse.
1029 645 1127 730 Quod
1151 671 1216 712 non
1240 649 1287 713 vi·

163 748 272 812 dentes
308 750 431 814 librarii
467 760 523 814 aut
550 750 709 838 pluralem
738 752 940 838 pronominis
970 774 1135 816 numerum
1159 752 1287 817 deside·

162 860 267 918 rantes
291 877 330 918 ex
353 858 412 920 illo
437 863 475 918 ert
499 863 555 919 aut
581 857 640 920 illo
670 863 701 937 ri,
725 855 758 919 id
782 865 834 920 est
851 859 914 922 illo
936 868 983 937 ut,
1007 864 1063 920 aut
1085 858 1189 920 ittera
1211 857 1287 920 eil'e-

162 966 282 1022 cerunt.

259 1061 326 1126 215.
370 1062 411 1126 in
434 1061 644 1146 sequentibus
661 1061 803 1130 ¹alterurn
828 1085 897 1128 auus
920 1063 1043 1126 omittit
1064 1062 1107 1144 V,
1130 1062 1287 1127 omissum

160 1163 190 1225 Α
213 1163 340 1229 codicis
376 1165 518 1250 scriptor
552 1165 689 1230 addidit.
735 1165 830 1232 Talia
852 1167 1000 1252 quamvis
1030 1187 1128 1252 saepe
1151 1166 1232 1230 fiant
1254 1167 1287 1231 in

159 1267 190 1330 A
213 1267 329 1333 codiee
364 1277 460 1352 etque
492 1269 526 1334 in
550 1269 582 1332 H
605 1279 637 1332 et
660 1269 703 1351 V,
727 1292 791 1332 non
816 1270 1076 1352 commemoravi,
1099 1293 1137 1334 ac
1161 1293 1200 1334 ne
1226 1269 1288 1333 lroc

159 1370 288 1453 quidem
313 1371 387 1437 loeo
410 1371 546 1436 dixerim
570 1381 675 1436 utrum
700 1373 889 1458 repetiverit
912 1374 1190 1459 praepositionem
1214 1397 1288 1438 urc-

160 1496 198 1537 ne
220 1475 295 1560 ipse
319 1471 486 1540 Sidonius.

262 1786 328 1872 Ep.
352 1786 450 1852 1118
474 1788 579 1873 (256).
616 1787 662 1851 De
688 1799 717 1851 te
739 1788 823 1852 ruiti
845 1788 886 1851 ud
911 1801 940 1852 te
963 1809 1065 1851 sermo
1090 1798 1145 1867 est,
1169 1789 1223 1850 uir
1245 1789 1290 1868 ef-

152 1888 361 1969 ficacissime,
390 1893 442 1954 cui
469 1891 560 1955 debet
588 1891 779 1976 respublica,
809 1891 907 1978 quod
931 1892 1129 1977 supradietis
1152 1893 1290 1956 solutum

161 1993 277 2056 laudat
301 1993 454 2060 historia.

265 2096 331 2160 trs.
376 2096 443 2160 Pro
467 2099 551 2184 quod
573 2095 784 2164 Wouwerius
808 2120 874 2161 non
902 2096 983 2161 male
1006 2099 1159 2185 quiequid
1188 2097 1291 2183 scrip·

162 2199 215 2263 sit.
262 2196 360 2280 Quod
395 2208 513 2283 tamen,
537 2202 601 2265 nisi
635 2202 785 2266 codicum
814 2203 1038 2266 confirmatum
1062 2203 1124 2265 erit
1146 2202 1291 2265 testimo-

163 2303 238 2386 niis,
264 2303 411 2389 reoipere
434 2304 546 2368 nolim.

268 2407 333 2473 tit.
377 2403 470 2488 Quae
498 2416 576 2494 post
605 2408 685 2472 liaeo
719 2408 883 2473 adduntur
906 2408 940 2472 in
962 2408 1163 2474 editionibus
1185 2406 1292 2473 Wou-

163 2509 258 2574 werii
281 2520 314 2574 et
335 2510 583 2595 Elmenlrorstii,
606 2512 661 2576 ille
683 2513 716 2578 iu
740 2509 819 2598 Opt.
844 2505 885 2577 O.
909 2534 968 2576 suo
986 2513 1142 2598 repperit,
1166 2507 1292 2576 Savaro

162 2612 197 2678 in
220 2615 427 2700 praefatione
451 2616 534 2681 dicit
559 2617 593 2681 in
622 2617 845 2701 manuscripto
868 2615 989 2680 Nanzii
1012 2637 1095 2697 esse,
1117 2615 1151 2678 in
1175 2616 1293 2680 ceteris

164 2719 317 2783 omuibus
335 2727 496 2804 quotquot
512 2719 629 2806 legerit
646 2719 739 2784 libris
758 2718 991 2804 manuscriptis
1005 2741 1070 2782 uon
1083 2740 1164 2785 esse.
1200 2714 1294 2800 Quae

164 2843 360 2905 quamquam
383 2823 454 2908 ipse
477 2823 510 2886 in
534 2822 622 2887 nullo
641 2821 754 2886 codice
771 2821 851 2903 vidi,
869 2830 976 2886 tamon
996 2845 1061 2886 non
1084 2822 1157 2886 ideo
1182 2822 1293 2886 reicio.

164 2924 338 2989 Nonnulla
360 2933 468 2990 tamen
490 2926 523 2988 in
536 2926 577 2990 iis
590 2925 778 3012 displicent,
791 2947 850 2989 neo
869 2923 988 2989 desunt
1004 2947 1086 3009 quae
1104 2925 1167 2989 nisi
1186 2948 1290 2990 emen*

165 3027 245 3091 data
267 3028 414 3115 intellegi
437 3030 569 3094 omnino
592 3051 658 3093 non
681 3029 822 3115 possint.
869 3024 954 3092 Sunt
976 3037 1082 3094 autem
1110 3029 1205 3093 haec:
1239 3027 1296 3092 Fr·

167 3134 231 3195 lios
254 3131 292 3196 de
309 3133 502 3218 proditioue
525 3135 717 3199 meditantes
729 3130 845 3198 Iunius
856 3133 982 3198 Brutus
1006 3135 1134 3215 assidit,
1159 3133 1212 3199 sed
1223 3134 1296 3222 suit

162 3237 349 3319 parricidii
360 3241 507 3324 pretium
525 3241 717 3304 consulatus.
747 3239 943 3302 Manilius
957 3237 1179 3325 (scribendum
1194 3239 1234 3302 M
1236 3261 1297 3302 aa·

168 3342 264 3423 lius)
302 3337 486 3428 Torquatus
516 3343 620 3422 filiurn
648 3343 731 3431 quod
765 3343 885 3407 hostem
916 3354 1146 3428 prouocantem
1173 3363 1237 3405 noa
1265 3364 1296 3406 se

165 3446 376 3529 perunitteate
394 3460 656 3531 prouocasset
680 3449 927 3533 (superasset
961 3445 1224 3510 Elmenlrorstius
1249 3469 1299 3509 rc·

170 3547 293 3632 posuit,
322 3553 621 3634 prostravisset
651 3551 702 3614 vel
723 3562 978 3635 prostrasset
1001 3571 1062 3636 ego
1087 3549 1228 3634 conieci)
1252 3571 1297 3613 se-

172 3655 245 3714 curi
279 3653 406 3716 lictoris
441 3654 579 3734 addicit,
615 3655 669 3719 ssd
699 3676 851 3740 pompam
880 3654 1041 3739 triumphi
1064 3673 1128 3740 pro
1155 3653 1297 3717 mercede

172 3757 378 3822 crudelitatis
403 3762 611 3845 populariter
633 3763 833 3846 impetrauit.
877 3757 954 3822 Tibi
975 3778 1051 3820 uero
1075 3779 1158 3822 uuna
1181 3781 1200 3820 a
1224 3758 1299 3821 bur·

173 3860 263 3924 baris
287 3862 392 3926 odiosi
404 3863 533 3950 faceret
564 3863 703 3928 Romani
729 3865 870 3927 nominis
893 3883 994 3942 amor,
1015 3874 1185 3948 postquam
1205 3861 1298 3945 filius

173 3964 316 4030 sublatus
350 3979 396 4031 est
419 3967 559 4032 colludio
578 3969 808 4054 factiosorum,
830 3967 979 4030 maluisti
1011 3969 1117 4051 asapia
1147 3976 1175 4028 te
1200 3968 1299 4030 uaeris

173 4071 353 4134 meminisse
376 4091 471 4155 quarn
490 4083 620 4158 patrem
643 4070 736 4158 (mihi
756 4069 844 4135 nulla
864 4068 1084 4134 sliaocourrit
1106 4069 1298 4134 emendandi

174 4175 228 4237 via
261 4174 324 4238 nisi
360 4174 454 4240 liaeo:
491 4176 554 4239 tibi
587 4196 661 4240 uero
696 4198 779 4240 uuus
809 4175 899 4238 odio
936 4173 1161 4260 emisisset
1185 4213 1224 4222 —
1249 4173 1299 4238 vol

175 4281 335 4344 etiamsi
369 4291 501 4344 areret
537 4319 577 4331 .-
612 4281 751 4344 Romani
784 4282 926 4343 nominis
960 4299 1062 4361 amor,
1085 4291 1257 4366 postquam
1281 4301 1300 4340 a
