3186 4900
1190 257 1227 324 61

248 446 311 534 Ep.
335 447 392 513 III
425 451 445 513 6
480 449 583 535 (249).
631 446 723 512 Certe
752 449 862 514 creba·
888 451 1143 535 provincialium
1172 471 1274 513 serino

153 564 194 614 est
216 574 333 616 annam
367 553 483 616 donans
505 554 543 616 ds
566 557 695 639 inapnis
729 575 793 616 non
817 565 883 615 tam
909 553 1077 639 ¹frisotibns
1100 574 1196 637 quain
1215 577 1270 638 po·

152 655 635 722 testatibnsaestinaandans.
703 723 707 732 ,

246 760 312 826 206.
356 760 621 826 Existimandnm
650 760 685 823 in
712 759 742 822 Α
755 757 831 823 HR
844 758 869 823 Z
884 758 914 823 V
928 757 959 822 U
972 758 1008 822 X
1021 759 1052 824 Y
1080 767 1145 838 est3
1179 764 1273 824 oesti-

149 864 305 945 mandam,
328 863 416 947 qnod
439 863 573 950 vulgare
596 872 657 945 eet,
680 862 862 926 editoribus
896 861 1030 947 placuit.
1066 857 1203 927 ¹Savaro
1226 869 1274 926 ta·

148 988 216 1031 rnen
245 967 574 1052 Elmenhoretiusque
602 967 852 1031 eaistimandnin
882 965 1042 1047 scribunt,
1065 965 1123 1030 sed
1150 964 1215 1047 ille,
1238 972 1274 1029 nt

149 1070 239 1153 solet,
263 1071 398 1135 alteram
421 1070 595 1135 leotionern
608 1071 641 1134 in
655 1069 869 1134 adnotatione
883 1069 1043 1155 explieat3
1062 1067 1273 1134 Wouworins

148 1196 215 1238 oum
237 1175 272 1238 in
297 1197 353 1239 sex
378 1175 471 1240 libris
495 1196 558 1238 non
575 1175 613 1239 de
633 1175 723 1238 bonis
738 1173 907 1261 frnpibns,
931 1175 985 1238 sed
1008 1174 1045 1238 de
1068 1178 1196 1260 mapnis
1213 1195 1275 1258 po·

147 1279 313 1343 testatibns
335 1301 400 1343 asse
424 1279 672 1343 enistiinandnns
696 1279 887 1359 invenisset,
905 1278 958 1341 vix
977 1278 1164 1342 necessaria
1186 1278 1274 1342 facta.

145 1383 330 1447 nonieotura
352 1383 399 1446 ita
422 1382 629 1447 scribendum
662 1381 761 1446 dixit:
795 1403 859 1444 non
882 1382 920 1445 de
944 1386 1073 1468 mapnis
1092 1382 1272 1470 frontibus,

145 1487 196 1551 sed
218 1487 256 1551 da
281 1487 373 1550 bonis
392 1487 610 1572 potestatibus
627 1507 692 1551 asse
710 1486 956 1550 aestimandam.
982 1481 1049 1550 Sed
1063 1487 1274 1550 eaistimandi

144 1589 241 1654 verbo
265 1590 365 1654 etiam
389 1583 509 1654 Cicero
533 1590 580 1654 ita
603 1590 669 1653 fere
692 1610 771 1654 usus
795 1596 854 1672 est,
878 1596 914 1652 ot
936 1588 970 1652 id
993 1587 1055 1654 hoo
1078 1587 1152 1654 loeo
1177 1585 1273 1653 Sido-

144 1691 214 1756 niae
246 1715 372 1779 ponere
406 1693 555 1780 potuisse
589 1691 754 1779 putandus
789 1693 842 1756 sit.
889 1685 952 1756 Osr
977 1691 1041 1778 leg.
1066 1715 1134 1780 agr.
1158 1692 1196 1756 ΙΙ
1220 1694 1270 1774 15,

143 1795 183 1857 40
206 1819 249 1861 an
272 1800 303 1861 si
325 1798 536 1862 condemnans
559 1799 677 1862 Asiam
698 1799 795 1876 nolet,
819 1809 980 1864 terronam
997 1797 1219 1861 damnationis
1242 1808 1271 1860 et

142 1902 246 1964 minas
268 1922 335 1964 non
357 1905 470 1988 qnanti
492 1903 576 1966 volet
605 1901 856 1965 eaistimabit
878 1909 911 1964 et
932 1902 1019 1965 Mar.
1046 1903 1095 1982 16,
1118 1900 1159 1964 34
1184 1903 1272 1966 anias

143 2006 267 2088 enpnisi
290 2016 320 2068 et
348 2008 441 2070 aienti
464 2008 533 2068 nita
557 2008 643 2068 tanti
665 2005 899 2068 saistisnata
922 2017 977 2068 ast.
1009 2003 1048 2068 Id
1067 2012 1174 2068 tamen
1191 2003 1269 2068 mihi

143 2105 356 2171 dubitandum
380 2108 519 2190 videtur,
543 2131 617 2172 nuni
642 2109 680 2171 do
699 2109 936 2194 praepositioni
956 2109 1008 2172 hia
1026 2107 1118 2172 loons
1132 2108 1185 2188 sit,
1198 2129 1269 2170 nram

144 2211 253 2293 potins
278 2233 316 2276 an
338 2220 555 2298 exspectetur.

246 2503 310 2589 Ep.
334 2503 391 2568 III
415 2507 432 2567 7
457 2504 562 2590 (255).
607 2502 771 2589 liconii,
800 2525 1010 2588 nnmqnainne
1039 2515 1183 2591 respecta
1205 2528 1270 2570 nso-

141 2608 253 2672 aebere
266 2606 521 2693 familiaritatis
544 2610 753 2691 antiqnoe‚nt
777 2608 905 2672 tandem
928 2632 948 2672 a
977 2611 1206 2672 continuati
1228 2613 1270 2673 si-

143 2711 239 2774 lentii
259 2714 429 2796 proposito
451 2711 563 2796 padani
585 2710 731 2799 afferas?
764 2709 843 2774 Ant
876 2715 978 2775 nescis
1012 2713 1104 2798 qaia
1132 2715 1268 2797 pannulo

121 2815 205 2878 'non
240 2816 434 2901 respondere
469 2817 646 2878 convicians
674 2814 739 2879 est?
781 2811 830 2879 Tn
852 2818 968 2880 retices
990 2815 1039 2878 aei
1062 2815 1270 2880 bibliotheca-

141 2939 214 2980 rnm
248 2917 371 2982 inedias
404 2921 454 2983 aei
488 2928 638 3002 toparnns
661 2929 691 2982 at
715 2942 734 2981 a
756 2939 806 2981 ina
829 2919 969 3004 officinm
988 2923 1182 3003 paupertini
1204 2941 1269 2982 sai·-

140 3023 246 3084 nnonis
280 3033 434 3106 aepactas,
459 3024 522 3086 oni
549 3021 723 3100 scribendi,
753 3024 782 3084 si
805 3021 880 3084 bene
901 3024 1072 3108 perspicis,
1095 3025 1200 3108 inopis
1223 3034 1269 3087 ost

133 3123 289 3209 facilitas
323 3148 419 3216 qnam
444 3125 601 3211 facultas.
649 3123 741 3190 Certa
765 3128 814 3190 osi
842 3137 942 3190 ntitas
965 3138 1074 3190 noster
1096 3130 1270 3192 materians

143 3230 237 3291 stilo
264 3240 329 3294 tao
343 3230 466 3316 faeiat.

245 3333 309 3398 207.
353 3333 420 3397 Pro
444 3334 557 3419 ecquid
578 3334 613 3398 in
636 3334 815 3422 archetypo
839 3334 969 3400 videtur
992 3336 1149 3422 seriptum
1168 3337 1269 3402 fuisso

141 3434 294 3546 hpaqnid3
316 3437 380 3502 hoo
402 3438 437 3503 in
459 3438 492 3502 A
509 3437 585 3502 etv
604 3446 637 3502 et
663 3438 733 3504 sine
751 3439 851 3504 dnbio
875 3440 909 3504 in
932 3439 966 3503 H
999 3462 1137 3524 quoqne,
1159 3463 1269 3524 quani-

140 3584 238 3645 quam
261 3583 355 3625 erasa
377 3581 463 3623 nuno
486 3566 537 3623 est
564 3558 674 3625 littera
702 3561 733 3643 t,
758 3561 917 3647 scripturn
940 3569 1006 3640 est3
1029 3561 1063 3624 in
1087 3561 1119 3626 V
1143 3562 1268 3627 oodiois

140 3664 288 3750 margine
311 3661 443 3728 additur
464 3665 515 3728 vei
548 3666 701 3751 eaqnid3
735 3664 820 3729 idem
846 3665 881 3728 in
904 3664 938 3728 H
962 3665 1068 3750 prima
1097 3688 1192 3729 mann
1217 3687 1269 3729 sn-

141 3767 361 3853 perscriptum
383 3767 502 3832 inveni.
547 3764 758 3831 Wonwerins
782 3768 873 3854 qaid
896 3775 1014 3831 temere
1038 3768 1187 3853 scripsit„

244 3871 308 3936 2⁰8.
355 3867 556 3952 Continnati‚
590 3870 677 3955 qnod
710 3871 744 3933 in
772 3869 985 3936 AHRXY
1013 3878 1046 3934 et
1068 3872 1170 3935 erasis
1194 3871 1268 3935 aliis

142 3975 283 4038 fortasse
306 3973 425 4038 litteris
447 3975 480 4038 in
504 3975 536 4040 V
560 3975 718 4059 scripturo
745 3982 805 4054 est,
829 3973 1030 4038 retinendum
1054 3995 1183 4039 censeo
1228 3975 1268 4039 In

141 4077 175 4142 V
198 4077 323 4142 codicis
347 4078 493 4164 margine
516 4079 674 4164 seriptum
703 4087 753 4142 est
784 4081 834 4142 oei
867 4079 1131 4142 continuandi
1153 4086 1186 4141 et
1208 4079 1268 4144 aab

142 4179 209 4243 illis
231 4183 356 4263 metiris,
379 4204 515 4268 prorsus
545 4182 630 4246 idern
658 4182 692 4246 in
715 4181 749 4245 H
773 4181 886 4246 codiee
915 4181 1137 4247 interserens
1164 4184 1269 4269 prima

142 4307 238 4347 marin
261 4284 407 4350 additrnn
430 4295 492 4368 est,
515 4287 548 4350 in
572 4286 599 4349 F
622 4307 687 4349 uno
710 4293 823 4350 tenore
845 4289 894 4351 oei
918 4288 1131 4352 contionandi
1152 4289 1268 4353 melias
