3186 4900
1234 285 1275 347 99

188 480 297 545 uubiis
330 480 474 542 civitatis
497 476 625 541 domum
648 484 886 559 reportaturus,
910 476 944 537 si
978 485 1104 538 tamen
1138 473 1318 559 cataplus

189 586 354 647 arriserit.
400 575 582 665 Per'quem
603 580 796 642 ioculariter
815 578 916 662 plura
937 580 1115 664 qarrirem,
1138 580 1168 642 si
1184 580 1318 663 pariter

187 709 269 751 uuus
292 686 436 771 idemque
459 685 582 748 ualeret
605 685 732 745 animus
755 701 899 744 euertere
924 678 1010 743 laeta
1033 690 1063 742 et
1087 683 1200 744 tristia
1224 682 1319 744 susti-

188 810 274 869 nere,
298 788 457 873 siquidem
489 789 596 850 nostri
630 784 682 848 bio
704 805 787 848 nune
822 793 869 847 est
901 782 1045 869 infelicis
1068 785 1183 868 anquli
1204 794 1318 862 status,

189 896 289 968 ouius,
311 905 346 956 ut
360 892 458 978 famo
482 890 661 972 coufirmat,
683 889 823 950 melior
847 888 922 974 >suit
954 885 1010 951 sub
1034 885 1115 951 bello
1140 908 1234 973 quam
1262 887 1317 952 sub

183 1016 265 1083 paee
290 995 443 1059 eruditio.
489 990 592 1057 Facta
614 1004 660 1056 est
684 994 821 1056 seruitus
844 1002 959 1054 nostra
979 991 1123 1075 pretium
1145 998 1178 1054 et
1199 1011 1230 1075 q.
1255 1011 1280 1054 s.

291 1098 355 1164 tlt.
399 1093 440 1162 Si
463 1108 569 1162 tamen
585 1098 732 1182 cataplus
747 1093 894 1181 plerique
910 1092 1053 1159 editores
1070 1092 1202 1174 habent,
1213 1091 1319 1158 Wou·

189 1201 309 1268 werius
332 1209 439 1266 tamen
468 1212 503 1266 st
531 1206 606 1263 ante
630 1200 776 1284 cataplus
800 1196 902 1279 addit,
926 1193 1052 1260 Savaro
1075 1218 1126 1283 ep.
1149 1196 1202 1262 VI
1225 1198 1244 1261 8
1269 1219 1320 1262 ea·

190 1307 276 1391 tapli
297 1308 435 1368 recentis
468 1302 636 1388 explicans
671 1303 762 1387 (pag.
785 1301 865 1385 394)
889 1303 918 1364 si
941 1310 1047 1363 tamen
1080 1310 1147 1365 aut
1171 1300 1318 1384 cataplus

190 1408 333 1494 scripsit.
378 1405 419 1471 Id
441 1406 550 1492 ipsum
573 1404 606 1469 in
629 1404 662 1468 A
685 1403 844 1488 scripturn
868 1409 919 1467 est
934 1406 964 1466 si
980 1391 1046 1466 tam
1062 1414 1118 1468 aut
1135 1414 1208 1466 eata
1227 1405 1319 1489 plus3

190 1512 222 1575 in
245 1510 280 1574 H
296 1509 440 1574 litterula
462 1530 557 1573 erasa
579 1514 718 1593 estpost
741 1510 770 1571 si
793 1513 826 1570 et
852 1505 1001 1592 pluribus
1025 1513 1103 1592 post
1131 1494 1198 1569 tain‘
1215 1505 1318 1570 erasis

190 1595 308 1678 litteris
331 1610 430 1698 paulo
452 1611 558 1676 maius
587 1609 730 1696 spatium
753 1629 890 1673 vacuum
923 1616 989 1687 est3
1023 1609 1057 1672 in
1080 1609 1319 1674 recentioribus

189 1715 283 1780 libris
306 1714 337 1780 R
359 1722 391 1778 et
414 1714 441 1778 Z
464 1727 606 1779 autesse
628 1720 728 1798 negat
742 1711 886 1776 Meuius,
926 1705 1031 1776 Cuius
1045 1710 1319 1797 particulaequse

189 1818 288 1882 l’uerit
316 1816 484 1882 addendae
508 1837 702 1882 causacum
731 1838 797 1878 non
819 1814 1017 1900 intellegam,
1042 1815 1194 1901 suspicor
1217 1816 1319 1901 scrip·
1393 1877 1398 1885 ,

188 1929 255 1984 turn
278 1920 381 1984 fuisse
409 1924 438 1984 si
473 1931 578 1984 tamen
612 1931 701 1982 anto
737 1920 883 2002 cataplus
917 1919 1087 1999 arriserit,
1126 1918 1190 1982 nisi
1232 1918 1319 1983 forte

188 2023 323 2088 verbum
345 2021 553 2087 intercidisse
577 2019 785 2086 verisimilius
808 2027 915 2106 putes.

292 2125 356 2190 tlt.
400 2124 467 2188 Pro
490 2127 606 2190 melior
629 2124 663 2187 in
685 2124 718 2187 A
741 2122 900 2208 scriptum
923 2131 974 2188 est
995 2127 1096 2206 mine,
1119 2124 1153 2187 in
1168 2123 1203 2187 H
1220 2123 1320 2188 verbo

190 2249 284 2293 eraso
319 2227 577 2314 superscriptum
610 2235 662 2292 est
694 2228 820 2305 melior,
843 2224 892 2289 illi
919 2248 1034 2291 rursus
1062 2225 1185 2311 aliquid
1210 2249 1321 2312 super-

191 2331 350 2417 scriptum
372 2340 451 2412 erat,
474 2331 551 2394 item
575 2330 676 2395 verbo
701 2329 880 2413 confirmat,
906 2330 964 2393 sed
988 2338 1157 2414 utrumque
1180 2329 1321 2394 deletum

191 2442 250 2498 est.
294 2434 345 2498 Ex
369 2456 433 2518 quo
457 2433 609 2519 suspicor
632 2432 716 2496 hanc
739 2431 806 2496 fere
828 2431 931 2496 fuisse
947 2432 1118 2519 archetypi
1134 2432 1321 2497 lectionem:

192 2541 291 2617 ouius,
323 2546 360 2600 ut
384 2536 482 2622 foma
505 2537 684 2619 coufirmat,
708 2539 831 2600 minus
856 2537 929 2622 fuit
963 2535 1018 2600 sub
1042 2536 1123 2601 bello
1147 2558 1242 2622 quom
1265 2535 1320 2600 sub

186 2663 266 2724 paee
290 2639 433 2704 conditio
462 2640 577 2717 dura3
590 2640 689 2724 saeta
711 2650 757 2702 est
780 2642 917 2703 seruitus
941 2652 1056 2703 nostru
1073 2643 1219 2724 pretium
1237 2661 1322 2704 seeu-

187 2739 306 2807 ‘ritotis
329 2747 464 2823 alienae,
487 2740 640 2808 librarios
664 2741 748 2804 dura
772 2749 805 2805 et
817 2741 915 2828 faeta
938 2764 1004 2805 non
1019 2749 1108 2807 recte
1126 2741 1321 2824 coniunctis,

192 2869 264 2912 eum
282 2849 428 2930 pretium
451 2845 542 2929 sequi
565 2843 735 2926 vidissent,
759 2845 844 2908 dura
871 2843 1121 2931 expungendum
1144 2844 1320 2910 arbitratos

191 2953 297 3014 minus
320 2961 376 3013 aut
398 2948 581 3036 neglectum
603 2947 777 3031 reliquisse
800 2955 857 3012 sut
879 2948 913 3012 in
934 2950 1050 3013 melior
1069 2948 1264 3027 mutavisse3
1287 2950 1321 3013 in

191 3053 226 3117 H
260 3061 367 3116 autem
399 3052 505 3138 primo
538 3050 699 3116 mansisse
733 3055 849 3130 minus,
883 3049 1000 3116 deinde
1027 3053 1143 3116 melior
1177 3050 1322 3116 inculca-

192 3164 259 3221 tum
272 3177 354 3236 esse,
367 3164 434 3219 tum
448 3177 556 3220 veram
578 3153 754 3219 lectionem
772 3177 791 3218 a
803 3162 989 3219 correctore
1005 3176 1045 3218 ex
1057 3153 1190 3218 meliore
1207 3153 1320 3220 codiee

191 3258 386 3338 restitutam,
408 3265 576 3343 postremo
600 3257 781 3339 hanc,cum
802 3256 837 3321 in
860 3256 925 3321 alio
948 3257 1018 3322 eius
1042 3256 1158 3322 codice
1181 3280 1246 3321 non
1270 3280 1321 3322 es·

193 3368 252 3442 set,
275 3359 424 3426 deletam.

294 3667 357 3754 Ep.
382 3667 451 3734 VlI
473 3668 491 3730 9
515 3665 620 3753 (363).
660 3664 775 3731 Omnes
800 3667 972 3751 pinsebant
994 3667 1068 3748 sibi,
1092 3689 1197 3732 omnes
1221 3673 1321 3733 omni-

192 3770 248 3836 bus
271 3770 496 3856 displicebant.
542 3764 652 3856 Neque
686 3772 786 3832 enim
808 3772 1067 3834 valuissemus
1102 3771 1262 3855 aliquid
1284 3774 1320 3834 in

193 3895 355 3941 commune
378 3876 551 3952 consulere,
574 3876 642 3936 nisi
663 3874 784 3938 iudicii
805 3875 857 3938 sui
870 3875 1003 3960 facisne
1020 3873 1113 3959 plebs
1137 3876 1238 3938 lenita
1255 3882 1320 3940 iae-

193 3992 301 4044 turam
335 3979 532 4044 sacerdotali
560 3997 590 4041 se
607 3978 721 4063 potius
754 3977 876 4041 iudicio
904 3976 1099 4042 subdidisset
1116 3979 1322 4064 presbytero-

193 4104 265 4147 rum
287 4103 362 4147 sane
383 4085 497 4168 paucis
520 4083 702 4167 anqulatim
715 4079 1129 4168 frinqultientibus,porro
1147 4093 1320 4167 autempa·

194 4189 260 4250 lam
281 4207 319 4250 ue
341 4185 585 4251 mussitantibus
608 4185 746 4272 quidem,
759 4186 834 4270 quia
853 4187 1001 4272 plerique
1023 4207 1087 4248 non
1109 4190 1214 4252 minus
1231 4209 1321 4252 suum

194 4310 288 4374 quam
320 4293 463 4378 reliquos
491 4289 623 4354 ordines
645 4287 926 4375 pertimescebant.
965 4285 1077 4377 lqitur
1099 4289 1175 4356 dum
1192 4290 1321 4378 publice
