<?xml version="1.0" encoding="UTF-8"?>
<!DOCTYPE html PUBLIC "-//W3C//DTD XHTML 1.0 Transitional//EN"
    "http://www.w3.org/TR/xhtml1/DTD/xhtml1-transitional.dtd">
<html xmlns="http://www.w3.org/1999/xhtml" xml:lang="en" lang="en">
 <head>
  <title>
</title>
<meta http-equiv="Content-Type" content="text/html;charset=utf-8" />
  <meta name='ocr-system' content='tesseract 3.04.00' />
  <meta name='ocr-capabilities' content='ocr_page ocr_carea ocr_par ocr_line ocrx_word'/>
</head>
<body>
  <div class='ocr_page' id='page_1' title='image "./deapollinarisid00gustgoog_0046.png"; bbox 0 0 3172 4908; ppageno 0'>
   <div class='ocr_carea' id='block_1_1' title="bbox 1225 288 1261 350">
    <p class='ocr_par' dir='ltr' id='par_1_1' title="bbox 1225 288 1261 350">
     <span class='ocr_line' id='line_1_1' title="bbox 1225 288 1261 350; baseline -0.028 0"><span class='ocrx_word' id='word_1_1' title='bbox 1225 288 1261 350; x_wconf 81' lang='lat'>17</span> 
     </span>
    </p>
   </div>
   <div class='ocr_carea' id='block_1_2' title="bbox 157 472 1334 3858">
    <p class='ocr_par' dir='ltr' id='par_1_2' title="bbox 178 472 1307 1078">
     <span class='ocr_line' id='line_1_2' title="bbox 283 472 1305 560; baseline 0.004 -23"><span class='ocrx_word' id='word_1_2' title='bbox 283 472 346 558; x_wconf 84' lang='lat' dir='ltr'>Ep.</span> <span class='ocrx_word' id='word_1_3' title='bbox 364 473 383 537; x_wconf 89' lang='lat' dir='ltr'>I</span> <span class='ocrx_word' id='word_1_4' title='bbox 400 475 418 535; x_wconf 83' lang='lat'>6</span> <span class='ocrx_word' id='word_1_5' title='bbox 437 475 540 560; x_wconf 77' lang='grc'>(181).</span> <span class='ocrx_word' id='word_1_6' title='bbox 576 472 662 554; x_wconf 79' lang='lat' dir='ltr'>Qnin</span> <span class='ocrx_word' id='word_1_7' title='bbox 683 477 791 559; x_wconf 84' lang='lat' dir='ltr'>potins</span> <span class='ocrx_word' id='word_1_8' title='bbox 816 477 1036 559; x_wconf 73' lang='lat' dir='ltr'>snperqiscere</span> <span class='ocrx_word' id='word_1_9' title='bbox 1060 486 1094 538; x_wconf 90' lang='lat' dir='ltr'>et</span> <span class='ocrx_word' id='word_1_10' title='bbox 1118 477 1160 540; x_wconf 81' lang='lat' dir='ltr'>aei</span> <span class='ocrx_word' id='word_1_11' title='bbox 1177 478 1305 541; x_wconf 85' lang='lat' dir='ltr'>maiore</span> 
     </span>
     <span class='ocr_line' id='line_1_3' title="bbox 180 578 1306 662; baseline 0.004 -24"><span class='ocrx_word' id='word_1_12' title='bbox 180 598 211 639; x_wconf 90' lang='lat' dir='ltr'>se</span> <span class='ocrx_word' id='word_1_13' title='bbox 231 578 351 662; x_wconf 73' lang='lat' dir='ltr'>pinyni</span> <span class='ocrx_word' id='word_1_14' title='bbox 374 581 439 642; x_wconf 80' lang='lat' dir='ltr'>otio</span> <span class='ocrx_word' id='word_1_15' title='bbox 459 579 622 642; x_wconf 83' lang='lat' dir='ltr'>morcidns</span> <span class='ocrx_word' id='word_1_16' title='bbox 645 591 680 641; x_wconf 87' lang='lat' dir='ltr'>et</span> <span class='ocrx_word' id='word_1_17' title='bbox 704 581 859 642; x_wconf 88' lang='lat' dir='ltr'>enervis</span> <span class='ocrx_word' id='word_1_18' title='bbox 883 583 1009 642; x_wconf 81' lang='lat' dir='ltr'>animes</span> <span class='ocrx_word' id='word_1_19' title='bbox 1033 581 1174 643; x_wconf 84' lang='lat' dir='ltr'>attollat.</span> <span class='ocrx_word' id='word_1_20' title='bbox 1219 578 1256 644; x_wconf 91' lang='lat' dir='ltr'><em>N</em></span> <span class='ocrx_word' id='word_1_21' title='bbox 1261 604 1306 644; x_wconf 91' lang='lat' dir='ltr'>on</span> 
     </span>
     <span class='ocr_line' id='line_1_4' title="bbox 179 681 1306 770; baseline 0.005 -28"><span class='ocrx_word' id='word_1_22' title='bbox 179 683 286 744; x_wconf 79' lang='lat' dir='ltr'>mireve</span> <span class='ocrx_word' id='word_1_23' title='bbox 320 693 366 746; x_wconf 84' lang='lat' dir='ltr'>est</span> <span class='ocrx_word' id='word_1_24' title='bbox 400 693 528 745; x_wconf 86' lang='lat' dir='ltr'>tnornrn</span> <span class='ocrx_word' id='word_1_25' title='bbox 561 681 721 770; x_wconf 79' lang='lat' dir='ltr'>natalium</span> <span class='ocrx_word' id='word_1_26' title='bbox 755 684 828 744; x_wconf 90' lang='lat' dir='ltr'>viro</span> <span class='ocrx_word' id='word_1_27' title='bbox 852 703 1024 766; x_wconf 77' lang='lat' dir='ltr'><em>personam</em></span> <span class='ocrx_word' id='word_1_28' title='bbox 1048 706 1137 746; x_wconf 83' lang='lat' dir='ltr'>snam</span> <span class='ocrx_word' id='word_1_29' title='bbox 1165 688 1306 748; x_wconf 82' lang='lat' dir='ltr'>encolere</span> 
     </span>
     <span class='ocr_line' id='line_1_5' title="bbox 180 785 1306 870; baseline 0.005 -26"><span class='ocrx_word' id='word_1_30' title='bbox 180 806 276 868; x_wconf 83' lang='lat' dir='ltr'>qnam</span> <span class='ocrx_word' id='word_1_31' title='bbox 299 787 420 848; x_wconf 82' lang='lat' dir='ltr'>viiio-m.</span> <span class='ocrx_word' id='word_1_32' title='bbox 469 786 521 848; x_wconf 81' lang='lat' dir='ltr'>Ao</span> <span class='ocrx_word' id='word_1_33' title='bbox 549 798 733 864; x_wconf 77' lang='lat' dir='ltr'>ereremum,</span> <span class='ocrx_word' id='word_1_34' title='bbox 757 786 841 870; x_wconf 79' lang='lat' dir='ltr'>qnod</span> <span class='ocrx_word' id='word_1_35' title='bbox 871 796 904 848; x_wconf 86' lang='lat' dir='ltr'>tn</span> <span class='ocrx_word' id='word_1_36' title='bbox 934 785 997 848; x_wconf 83' lang='lat' dir='ltr'>tibi</span> <span class='ocrx_word' id='word_1_37' title='bbox 1019 789 1195 852; x_wconf 78' lang='lat' dir='ltr'>invenietis</span> <span class='ocrx_word' id='word_1_38' title='bbox 1219 809 1306 852; x_wconf 83' lang='lat' dir='ltr'>ever·</span> 
     </span>
     <span class='ocr_line' id='line_1_6' title="bbox 180 887 1307 976; baseline 0.009 -28"><span class='ocrx_word' id='word_1_39' title='bbox 180 889 293 950; x_wconf 80' lang='lat' dir='ltr'>vitium</span> <span class='ocrx_word' id='word_1_40' title='bbox 317 889 470 974; x_wconf 81' lang='lat' dir='ltr'>appellas,</span> <span class='ocrx_word' id='word_1_41' title='bbox 485 889 542 952; x_wconf 76' lang='lat' dir='ltr'>nov</span> <span class='ocrx_word' id='word_1_42' title='bbox 566 901 610 952; x_wconf 86' lang='lat' dir='ltr'>est</span> <span class='ocrx_word' id='word_1_43' title='bbox 636 887 764 953; x_wconf 54' lang='lat' dir='ltr'>otivno&#39;</span> <span class='ocrx_word' id='word_1_44' title='bbox 778 901 1013 969; x_wconf 85' lang='lat' dir='ltr'>veteronornm,</span> <span class='ocrx_word' id='word_1_45' title='bbox 1031 893 1066 954; x_wconf 91' lang='lat' dir='ltr'>in</span> <span class='ocrx_word' id='word_1_46' title='bbox 1090 911 1224 976; x_wconf 82' lang='lat' dir='ltr'>qvorvm</span> <span class='ocrx_word' id='word_1_47' title='bbox 1241 917 1307 958; x_wconf 84' lang='lat' dir='ltr'>rno-</span> 
     </span>
     <span class='ocr_line' id='line_1_7' title="bbox 178 975 1141 1078; baseline 0.004 -26"><span class='ocrx_word' id='word_1_48' title='bbox 178 991 274 1054; x_wconf 82' lang='lat' dir='ltr'>nibns</span> <span class='ocrx_word' id='word_1_49' title='bbox 293 975 397 1078; x_wconf 83' lang='lat' dir='ltr'>effetis</span> <span class='ocrx_word' id='word_1_50' title='bbox 421 1013 506 1056; x_wconf 91' lang='lat' dir='ltr'>enses</span> <span class='ocrx_word' id='word_1_51' title='bbox 530 991 716 1076; x_wconf 70' lang='lat' dir='ltr'>rebiqinosi</span> <span class='ocrx_word' id='word_1_52' title='bbox 738 1013 809 1056; x_wconf 88' lang='lat' dir='ltr'>sero</span> <span class='ocrx_word' id='word_1_53' title='bbox 834 994 940 1078; x_wconf 66' lang='lat' dir='ltr'>linono</span> <span class='ocrx_word' id='word_1_54' title='bbox 962 1003 1141 1058; x_wconf 81' lang='lat' dir='ltr'>nentontnr.</span> 
     </span>
    </p>

    <p class='ocr_par' dir='ltr' id='par_1_3' title="bbox 282 1092 1075 1181">
     <span class='ocr_line' id='line_1_8' title="bbox 282 1092 1075 1181; baseline -0.001 -22"><span class='ocrx_word' id='word_1_55' title='bbox 282 1095 328 1160; x_wconf 77' lang='lat'>42.</span> <span class='ocrx_word' id='word_1_56' title='bbox 377 1095 421 1159; x_wconf 91' lang='lat' dir='ltr'>Ut</span> <span class='ocrx_word' id='word_1_57' title='bbox 445 1117 504 1180; x_wconf 85' lang='lat' dir='ltr'>pro</span> <span class='ocrx_word' id='word_1_58' title='bbox 528 1107 558 1160; x_wconf 92' lang='lat' dir='ltr'>et</span> <span class='ocrx_word' id='word_1_59' title='bbox 580 1092 791 1160; x_wconf 85' lang='lat' dir='ltr'>Wouwerius</span> <span class='ocrx_word' id='word_1_60' title='bbox 815 1093 906 1158; x_wconf 89' lang='lat' dir='ltr'>solus</span> <span class='ocrx_word' id='word_1_61' title='bbox 930 1095 1075 1181; x_wconf 78' lang='lat' dir='ltr'>scripsit.</span> 
     </span>
    </p>

    <p class='ocr_par' dir='ltr' id='par_1_4' title="bbox 179 1197 1307 1386">
     <span class='ocr_line' id='line_1_9' title="bbox 282 1197 1307 1286; baseline 0.005 -24"><span class='ocrx_word' id='word_1_62' title='bbox 282 1197 327 1262; x_wconf 76' lang='lat'>43.</span> <span class='ocrx_word' id='word_1_63' title='bbox 371 1197 523 1276; x_wconf 82' lang='lat' dir='ltr'>Inernsis‚</span> <span class='ocrx_word' id='word_1_64' title='bbox 548 1199 600 1261; x_wconf 89' lang='lat' dir='ltr'>oui</span> <span class='ocrx_word' id='word_1_65' title='bbox 631 1197 891 1283; x_wconf 86' lang='lat' dir='ltr'>superscriptum</span> <span class='ocrx_word' id='word_1_66' title='bbox 921 1206 972 1261; x_wconf 85' lang='lat' dir='ltr'>est</span> <span class='ocrx_word' id='word_1_67' title='bbox 994 1199 1021 1262; x_wconf 84' lang='lat' dir='ltr'>si</span> <span class='ocrx_word' id='word_1_68' title='bbox 1045 1222 1111 1263; x_wconf 88' lang='lat' dir='ltr'>non</span> <span class='ocrx_word' id='word_1_69' title='bbox 1134 1201 1249 1286; x_wconf 86' lang='lat' dir='ltr'>prims,</span> <span class='ocrx_word' id='word_1_70' title='bbox 1273 1211 1307 1267; x_wconf 88' lang='lat' dir='ltr'>st</span> 
     </span>
     <span class='ocr_line' id='line_1_10' title="bbox 179 1301 1306 1386; baseline 0.005 -24"><span class='ocrx_word' id='word_1_71' title='bbox 179 1308 267 1363; x_wconf 85' lang='lat' dir='ltr'>certe</span> <span class='ocrx_word' id='word_1_72' title='bbox 301 1302 433 1386; x_wconf 81' lang='lat' dir='ltr'>antiqua</span> <span class='ocrx_word' id='word_1_73' title='bbox 467 1324 562 1365; x_wconf 80' lang='lat' dir='ltr'>manu</span> <span class='ocrx_word' id='word_1_74' title='bbox 598 1306 666 1366; x_wconf 90' lang='lat' dir='ltr'>sine</span> <span class='ocrx_word' id='word_1_75' title='bbox 695 1301 824 1366; x_wconf 80' lang='lat' dir='ltr'>civibvs</span> <span class='ocrx_word' id='word_1_76' title='bbox 852 1313 883 1363; x_wconf 83' lang='lat' dir='ltr'>et</span> <span class='ocrx_word' id='word_1_77' title='bbox 910 1305 1029 1384; x_wconf 89' lang='lat' dir='ltr'>nervis,</span> <span class='ocrx_word' id='word_1_78' title='bbox 1053 1312 1103 1367; x_wconf 84' lang='lat' dir='ltr'>est</span> <span class='ocrx_word' id='word_1_79' title='bbox 1124 1305 1156 1368; x_wconf 89' lang='lat' dir='ltr'>A</span> <span class='ocrx_word' id='word_1_80' title='bbox 1180 1305 1306 1370; x_wconf 84' lang='lat' dir='ltr'>codicis</span> 
     </span>
    </p>

    <p class='ocr_par' dir='ltr' id='par_1_5' title="bbox 157 1402 1334 3036">
     <span class='ocr_line' id='line_1_11' title="bbox 157 1402 1304 1487; baseline 0.006 -22"><span class='ocrx_word' id='word_1_81' title='bbox 157 1419 160 1450; x_wconf 76' lang='lat'><em>2</em></span> <span class='ocrx_word' id='word_1_82' title='bbox 178 1402 289 1484; x_wconf 87' lang='lat' dir='ltr'>lectio,</span> <span class='ocrx_word' id='word_1_83' title='bbox 313 1404 425 1468; x_wconf 85' lang='lat' dir='ltr'>eadem</span> <span class='ocrx_word' id='word_1_84' title='bbox 447 1404 481 1469; x_wconf 92' lang='lat' dir='ltr'>H</span> <span class='ocrx_word' id='word_1_85' title='bbox 493 1403 523 1470; x_wconf 89' lang='lat' dir='ltr'><strong>R</strong></span> <span class='ocrx_word' id='word_1_86' title='bbox 536 1405 601 1468; x_wconf 70' lang='grc' dir='ltr'>ΖΕ</span> <span class='ocrx_word' id='word_1_87' title='bbox 624 1404 672 1487; x_wconf 87' lang='lat' dir='ltr'>(in</span> <span class='ocrx_word' id='word_1_88' title='bbox 695 1405 773 1486; x_wconf 79' lang='lat' dir='ltr'>res)</span> <span class='ocrx_word' id='word_1_89' title='bbox 798 1403 831 1467; x_wconf 94' lang='lat' dir='ltr'>Y</span> <span class='ocrx_word' id='word_1_90' title='bbox 854 1402 1018 1482; x_wconf 78' lang='lat' dir='ltr'>codicum3</span> <span class='ocrx_word' id='word_1_91' title='bbox 1043 1405 1076 1468; x_wconf 93' lang='lat' dir='ltr'>in</span> <span class='ocrx_word' id='word_1_92' title='bbox 1099 1405 1133 1469; x_wconf 92' lang='lat' dir='ltr'><em>H</em></span> <span class='ocrx_word' id='word_1_93' title='bbox 1157 1415 1189 1470; x_wconf 88' lang='lat' dir='ltr'>et</span> <span class='ocrx_word' id='word_1_94' title='bbox 1210 1408 1231 1471; x_wconf 94' lang='lat' dir='ltr'>b</span> <span class='ocrx_word' id='word_1_95' title='bbox 1250 1431 1304 1472; x_wconf 88' lang='lat' dir='ltr'>co-</span> 
     </span>
     <span class='ocr_line' id='line_1_12' title="bbox 179 1505 1306 1594; baseline 0.005 -24"><span class='ocrx_word' id='word_1_96' title='bbox 179 1505 289 1570; x_wconf 83' lang='lat' dir='ltr'>dicum</span> <span class='ocrx_word' id='word_1_97' title='bbox 312 1507 515 1594; x_wconf 80' lang='lat' dir='ltr'>marginibus</span> <span class='ocrx_word' id='word_1_98' title='bbox 538 1512 679 1572; x_wconf 83' lang='lat' dir='ltr'>estsine</span> <span class='ocrx_word' id='word_1_99' title='bbox 703 1507 829 1572; x_wconf 82' lang='lat' dir='ltr'>viribus</span> <span class='ocrx_word' id='word_1_100' title='bbox 863 1510 1019 1588; x_wconf 84' lang='lat' dir='ltr'>innervis,</span> <span class='ocrx_word' id='word_1_101' title='bbox 1042 1508 1068 1572; x_wconf 92' lang='lat' dir='ltr'>Z</span> <span class='ocrx_word' id='word_1_102' title='bbox 1090 1514 1215 1574; x_wconf 87' lang='lat' dir='ltr'>enervis</span> <span class='ocrx_word' id='word_1_103' title='bbox 1239 1516 1306 1576; x_wconf 91' lang='lat' dir='ltr'>sine</span> 
     </span>
     <span class='ocr_line' id='line_1_13' title="bbox 178 1610 1302 1699; baseline 0.007 -26"><span class='ocrx_word' id='word_1_104' title='bbox 178 1610 316 1692; x_wconf 81' lang='lat' dir='ltr'>viribus,</span> <span class='ocrx_word' id='word_1_105' title='bbox 341 1611 368 1675; x_wconf 73' lang='lat' dir='ltr'>F</span> <span class='ocrx_word' id='word_1_106' title='bbox 401 1614 548 1676; x_wconf 79' lang='lat' dir='ltr'>innervis</span> <span class='ocrx_word' id='word_1_107' title='bbox 583 1619 615 1674; x_wconf 87' lang='lat' dir='ltr'>et</span> <span class='ocrx_word' id='word_1_108' title='bbox 647 1610 738 1695; x_wconf 80' lang='lat' dir='ltr'>(alio,</span> <span class='ocrx_word' id='word_1_109' title='bbox 762 1610 795 1674; x_wconf 92' lang='lat' dir='ltr'>ni</span> <span class='ocrx_word' id='word_1_110' title='bbox 825 1610 933 1693; x_wconf 84' lang='lat' dir='ltr'>fallor,</span> <span class='ocrx_word' id='word_1_111' title='bbox 956 1613 1068 1699; x_wconf 76' lang='lat' dir='ltr'>inanit)</span> <span class='ocrx_word' id='word_1_112' title='bbox 1091 1617 1140 1678; x_wconf 81' lang='lat' dir='ltr'>vei</span> <span class='ocrx_word' id='word_1_113' title='bbox 1163 1620 1302 1692; x_wconf 89' lang='lat' dir='ltr'>enervis,·</span> 
     </span>
     <span class='ocr_line' id='line_1_14' title="bbox 179 1709 1306 1783; baseline 0.006 -8"><span class='ocrx_word' id='word_1_114' title='bbox 179 1716 325 1778; x_wconf 74' lang='lat' dir='ltr'>innervis</span> <span class='ocrx_word' id='word_1_115' title='bbox 349 1715 382 1778; x_wconf 93' lang='lat' dir='ltr'>in</span> <span class='ocrx_word' id='word_1_116' title='bbox 406 1715 504 1779; x_wconf 84' lang='lat' dir='ltr'>vcrbo</span> <span class='ocrx_word' id='word_1_117' title='bbox 529 1709 657 1778; x_wconf 85' lang='lat' dir='ltr'>Sidonii</span> <span class='ocrx_word' id='word_1_118' title='bbox 683 1713 883 1778; x_wconf 83' lang='lat' dir='ltr'>admiserunt</span> <span class='ocrx_word' id='word_1_119' title='bbox 901 1713 932 1777; x_wconf 92' lang='lat' dir='ltr'>U</span> <span class='ocrx_word' id='word_1_120' title='bbox 950 1715 1028 1778; x_wconf 82' lang='lat' dir='ltr'>esL</span> <span class='ocrx_word' id='word_1_121' title='bbox 1052 1723 1084 1778; x_wconf 87' lang='lat' dir='ltr'>et</span> <span class='ocrx_word' id='word_1_122' title='bbox 1106 1715 1127 1780; x_wconf 95' lang='lat' dir='ltr'>b</span> <span class='ocrx_word' id='word_1_123' title='bbox 1156 1717 1306 1783; x_wconf 85' lang='lat' dir='ltr'>codicum</span> 
     </span>
     <span class='ocr_line' id='line_1_15' title="bbox 179 1813 1306 1908; baseline 0.004 -28"><span class='ocrx_word' id='word_1_124' title='bbox 179 1818 369 1903; x_wconf 63' lang='lat' dir='ltr'>scriptores</span> <span class='ocrx_word' id='word_1_125' title='bbox 399 1816 484 1881; x_wconf 86' lang='lat' dir='ltr'>idem</span> <span class='ocrx_word' id='word_1_126' title='bbox 519 1813 644 1882; x_wconf 82' lang='lat' dir='ltr'>Severo</span> <span class='ocrx_word' id='word_1_127' title='bbox 683 1815 947 1881; x_wconf 79' lang='lat' dir='ltr'>Elmenhorstins</span> <span class='ocrx_word' id='word_1_128' title='bbox 990 1813 1183 1884; x_wconf 80' lang='lat' dir='ltr'>sirmondus</span> <span class='ocrx_word' id='word_1_129' title='bbox 1217 1821 1306 1908; x_wconf 80' lang='lat' dir='ltr'>Mig-</span> 
     </span>
     <span class='ocr_line' id='line_1_16' title="bbox 178 1919 1306 2008; baseline 0.007 -26"><span class='ocrx_word' id='word_1_130' title='bbox 178 1920 252 1984; x_wconf 89' lang='lat' dir='ltr'>nius</span> <span class='ocrx_word' id='word_1_131' title='bbox 285 1920 425 1984; x_wconf 84' lang='lat' dir='ltr'>Beretus</span> <span class='ocrx_word' id='word_1_132' title='bbox 459 1928 661 2006; x_wconf 84' lang='lat' dir='ltr'>receperunt.</span> <span class='ocrx_word' id='word_1_133' title='bbox 707 1919 848 1984; x_wconf 82' lang='lat' dir='ltr'>Enervis</span> <span class='ocrx_word' id='word_1_134' title='bbox 883 1920 987 1984; x_wconf 87' lang='lat' dir='ltr'>solum</span> <span class='ocrx_word' id='word_1_135' title='bbox 1017 1931 1069 1984; x_wconf 88' lang='lat' dir='ltr'>est</span> <span class='ocrx_word' id='word_1_136' title='bbox 1096 1923 1128 1986; x_wconf 94' lang='lat' dir='ltr'>in</span> <span class='ocrx_word' id='word_1_137' title='bbox 1153 1923 1195 2005; x_wconf 78' lang='lat' dir='ltr'>V,</span> <span class='ocrx_word' id='word_1_138' title='bbox 1218 1926 1306 2008; x_wconf 85' lang='lat' dir='ltr'>quod</span> 
     </span>
     <span class='ocr_line' id='line_1_17' title="bbox 179 2021 1306 2109; baseline 0.003 -22"><span class='ocrx_word' id='word_1_139' title='bbox 179 2023 290 2087; x_wconf 84' lang='lat' dir='ltr'>nescio</span> <span class='ocrx_word' id='word_1_140' title='bbox 315 2047 356 2087; x_wconf 88' lang='lat' dir='ltr'>nn</span> <span class='ocrx_word' id='word_1_141' title='bbox 379 2023 555 2109; x_wconf 70' lang='lat' dir='ltr'>corrigenti</span> <span class='ocrx_word' id='word_1_142' title='bbox 578 2023 736 2089; x_wconf 81' lang='lat' dir='ltr'>debentur</span> <span class='ocrx_word' id='word_1_143' title='bbox 757 2023 904 2104; x_wconf 87' lang='lat' dir='ltr'>librari0,</span> <span class='ocrx_word' id='word_1_144' title='bbox 928 2031 960 2087; x_wconf 84' lang='lat' dir='ltr'>et</span> <span class='ocrx_word' id='word_1_145' title='bbox 987 2021 1215 2090; x_wconf 87' lang='lat' dir='ltr'>inWouwerii</span> <span class='ocrx_word' id='word_1_146' title='bbox 1239 2026 1306 2092; x_wconf 88' lang='lat' dir='ltr'>edi-</span> 
     </span>
     <span class='ocr_line' id='line_1_18' title="bbox 178 2121 1307 2215; baseline 0.004 -26"><span class='ocrx_word' id='word_1_147' title='bbox 178 2127 277 2215; x_wconf 87' lang='lat' dir='ltr'>tione.</span> <span class='ocrx_word' id='word_1_148' title='bbox 322 2128 431 2211; x_wconf 83' lang='lat' dir='ltr'><strong>Atque</strong></span> <span class='ocrx_word' id='word_1_149' title='bbox 454 2126 516 2192; x_wconf 92' lang='lat' dir='ltr'>hoo</span> <span class='ocrx_word' id='word_1_150' title='bbox 539 2125 669 2210; x_wconf 87' lang='lat' dir='ltr'>quidem</span> <span class='ocrx_word' id='word_1_151' title='bbox 691 2127 793 2192; x_wconf 87' lang='lat' dir='ltr'>tutius</span> <span class='ocrx_word' id='word_1_152' title='bbox 817 2134 867 2190; x_wconf 85' lang='lat' dir='ltr'>est</span> <span class='ocrx_word' id='word_1_153' title='bbox 885 2149 904 2189; x_wconf 88' lang='lat' dir='ltr'>s</span> <span class='ocrx_word' id='word_1_154' title='bbox 921 2121 1060 2190; x_wconf 85' lang='lat' dir='ltr'>Sidonio</span> <span class='ocrx_word' id='word_1_155' title='bbox 1080 2128 1238 2214; x_wconf 85' lang='lat' dir='ltr'>scripturn</span> <span class='ocrx_word' id='word_1_156' title='bbox 1257 2154 1307 2194; x_wconf 86' lang='lat' dir='ltr'>ar-</span> 
     </span>
     <span class='ocr_line' id='line_1_19' title="bbox 178 2227 1306 2318; baseline 0.005 -26"><span class='ocrx_word' id='word_1_157' title='bbox 178 2229 304 2312; x_wconf 84' lang='lat' dir='ltr'>bitrari,</span> <span class='ocrx_word' id='word_1_158' title='bbox 329 2252 401 2293; x_wconf 87' lang='lat' dir='ltr'>cum</span> <span class='ocrx_word' id='word_1_159' title='bbox 424 2251 527 2313; x_wconf 87' lang='lat' dir='ltr'>neque</span> <span class='ocrx_word' id='word_1_160' title='bbox 550 2232 695 2294; x_wconf 78' lang='lat' dir='ltr'>innervis</span> <span class='ocrx_word' id='word_1_161' title='bbox 719 2228 786 2292; x_wconf 92' lang='lat' dir='ltr'>ullo</span> <span class='ocrx_word' id='word_1_162' title='bbox 810 2228 875 2292; x_wconf 86' lang='lat' dir='ltr'>alio</span> <span class='ocrx_word' id='word_1_163' title='bbox 903 2227 976 2294; x_wconf 94' lang='lat' dir='ltr'>loco</span> <span class='ocrx_word' id='word_1_164' title='bbox 1000 2231 1190 2318; x_wconf 81' lang='lat' dir='ltr'>reperiatur,</span> <span class='ocrx_word' id='word_1_165' title='bbox 1204 2257 1306 2318; x_wconf 86' lang='lat' dir='ltr'>neque</span> 
     </span>
     <span class='ocr_line' id='line_1_20' title="bbox 178 2330 1303 2423; baseline 0.006 -29"><span class='ocrx_word' id='word_1_166' title='bbox 178 2335 325 2414; x_wconf 84' lang='lat' dir='ltr'>inermis,</span> <span class='ocrx_word' id='word_1_167' title='bbox 360 2333 448 2416; x_wconf 91' lang='lat' dir='ltr'>quod</span> <span class='ocrx_word' id='word_1_168' title='bbox 481 2333 517 2396; x_wconf 92' lang='lat' dir='ltr'>in</span> <span class='ocrx_word' id='word_1_169' title='bbox 551 2330 730 2420; x_wconf 86' lang='lat' dir='ltr'>archetypo</span> <span class='ocrx_word' id='word_1_170' title='bbox 766 2332 869 2396; x_wconf 83' lang='lat' dir='ltr'>fuisse</span> <span class='ocrx_word' id='word_1_171' title='bbox 904 2339 995 2417; x_wconf 85' lang='lat' dir='ltr'>puto,</span> <span class='ocrx_word' id='word_1_172' title='bbox 1026 2330 1208 2400; x_wconf 88' lang='lat' dir='ltr'>aSidonio</span> <span class='ocrx_word' id='word_1_173' title='bbox 1243 2360 1303 2423; x_wconf 93' lang='lat' dir='ltr'>pro</span> 
     </span>
     <span class='ocr_line' id='line_1_21' title="bbox 179 2433 1307 2520; baseline 0.006 -24"><span class='ocrx_word' id='word_1_174' title='bbox 179 2437 305 2498; x_wconf 90' lang='lat' dir='ltr'>enervis</span> <span class='ocrx_word' id='word_1_175' title='bbox 329 2436 474 2520; x_wconf 87' lang='lat' dir='ltr'>positum</span> <span class='ocrx_word' id='word_1_176' title='bbox 498 2457 569 2499; x_wconf 85' lang='lat' dir='ltr'>esse</span> <span class='ocrx_word' id='word_1_177' title='bbox 593 2433 770 2499; x_wconf 85' lang='lat' dir='ltr'>verisimile</span> <span class='ocrx_word' id='word_1_178' title='bbox 794 2434 846 2498; x_wconf 86' lang='lat' dir='ltr'>sit.</span> <span class='ocrx_word' id='word_1_179' title='bbox 886 2433 980 2499; x_wconf 83' lang='lat' dir='ltr'>Haec</span> <span class='ocrx_word' id='word_1_180' title='bbox 1004 2458 1067 2499; x_wconf 84' lang='lat' dir='ltr'>une</span> <span class='ocrx_word' id='word_1_181' title='bbox 1090 2448 1198 2503; x_wconf 82' lang='lat' dir='ltr'>inanet</span> <span class='ocrx_word' id='word_1_182' title='bbox 1214 2439 1307 2505; x_wconf 90' lang='lat' dir='ltr'>dubi·</span> 
     </span>
     <span class='ocr_line' id='line_1_22' title="bbox 177 2527 1334 2628; baseline 0.005 -25"><span class='ocrx_word' id='word_1_183' title='bbox 177 2539 259 2603; x_wconf 83' lang='lat' dir='ltr'>tatio</span> <span class='ocrx_word' id='word_1_184' title='bbox 292 2539 507 2624; x_wconf 86' lang='lat' dir='ltr'>scripseritne</span> <span class='ocrx_word' id='word_1_185' title='bbox 542 2527 700 2604; x_wconf 85' lang='lat' dir='ltr'>Sidonius</span> <span class='ocrx_word' id='word_1_186' title='bbox 725 2561 867 2620; x_wconf 82' lang='lat' dir='ltr'>enerves,</span> <span class='ocrx_word' id='word_1_187' title='bbox 892 2564 955 2625; x_wconf 91' lang='lat' dir='ltr'>quo</span> <span class='ocrx_word' id='word_1_188' title='bbox 985 2542 1106 2606; x_wconf 87' lang='lat' dir='ltr'>scimus</span> <span class='ocrx_word' id='word_1_189' title='bbox 1128 2543 1334 2628; x_wconf 86' lang='lat' dir='ltr'>Apuleium-</span> 
     </span>
     <span class='ocr_line' id='line_1_23' title="bbox 177 2641 1305 2728; baseline 0.005 -25"><span class='ocrx_word' id='word_1_190' title='bbox 177 2663 271 2704; x_wconf 88' lang='lat' dir='ltr'>usum</span> <span class='ocrx_word' id='word_1_191' title='bbox 294 2663 365 2705; x_wconf 89' lang='lat' dir='ltr'>esse</span> <span class='ocrx_word' id='word_1_192' title='bbox 389 2641 470 2705; x_wconf 83' lang='lat' dir='ltr'>Met.</span> <span class='ocrx_word' id='word_1_193' title='bbox 494 2642 512 2705; x_wconf 94' lang='grc' dir='ltr'><strong>Ι</strong></span> <span class='ocrx_word' id='word_1_194' title='bbox 536 2645 555 2704; x_wconf 79' lang='lat' dir='ltr'>i</span> <span class='ocrx_word' id='word_1_195' title='bbox 579 2643 669 2728; x_wconf 77' lang='lat'>(104)</span> <span class='ocrx_word' id='word_1_196' title='bbox 690 2664 774 2728; x_wconf 79' lang='lat' dir='ltr'>pver</span> <span class='ocrx_word' id='word_1_197' title='bbox 796 2647 832 2708; x_wconf 91' lang='lat' dir='ltr'>in</span> <span class='ocrx_word' id='word_1_198' title='bbox 854 2647 1024 2710; x_wconf 82' lang='lat' dir='ltr'>moltitiem</span> <span class='ocrx_word' id='word_1_199' title='bbox 1047 2645 1182 2710; x_wconf 79' lang='lat' dir='ltr'>devores</span> <span class='ocrx_word' id='word_1_200' title='bbox 1198 2650 1305 2712; x_wconf 84' lang='lat' dir='ltr'>irssvr-</span> 
     </span>
     <span class='ocr_line' id='line_1_24' title="bbox 176 2744 1305 2831; baseline 0.007 -25"><span class='ocrx_word' id='word_1_201' title='bbox 176 2746 229 2831; x_wconf 77' lang='lat' dir='ltr'>9it</span> <span class='ocrx_word' id='word_1_202' title='bbox 251 2746 345 2831; x_wconf 82' lang='lat' dir='ltr'>inqne</span> <span class='ocrx_word' id='word_1_203' title='bbox 354 2744 493 2830; x_wconf 80' lang='lat' dir='ltr'>flenibns</span> <span class='ocrx_word' id='word_1_204' title='bbox 512 2747 667 2809; x_wconf 74' lang='lat' dir='ltr'>tortuosis</span> <span class='ocrx_word' id='word_1_205' title='bbox 685 2767 864 2811; x_wconf 84' lang='lat' dir='ltr'>enervam</span> <span class='ocrx_word' id='word_1_206' title='bbox 887 2759 917 2810; x_wconf 87' lang='lat' dir='ltr'>et</span> <span class='ocrx_word' id='word_1_207' title='bbox 941 2770 1081 2812; x_wconf 83' lang='lat' dir='ltr'>enossnnt</span> <span class='ocrx_word' id='word_1_208' title='bbox 1099 2749 1305 2814; x_wconf 81' lang='lat' dir='ltr'>saltationem</span> 
     </span>
     <span class='ocr_line' id='line_1_25' title="bbox 179 2848 1306 2935; baseline 0.006 -25"><span class='ocrx_word' id='word_1_209' title='bbox 179 2869 250 2910; x_wconf 84' lang='lat' dir='ltr'>corn</span> <span class='ocrx_word' id='word_1_210' title='bbox 274 2851 414 2912; x_wconf 85' lang='lat' dir='ltr'>ornninen</span> <span class='ocrx_word' id='word_1_211' title='bbox 439 2851 494 2933; x_wconf 81' lang='lat' dir='ltr'>qni</span> <span class='ocrx_word' id='word_1_212' title='bbox 518 2848 687 2913; x_wconf 80' lang='lat' dir='ltr'>ederamus</span> <span class='ocrx_word' id='word_1_213' title='bbox 711 2849 942 2930; x_wconf 79' lang='lat' dir='ltr'>admiratione,</span> <span class='ocrx_word' id='word_1_214' title='bbox 964 2873 1156 2935; x_wconf 83' lang='lat' dir='ltr'>quamquam</span> <span class='ocrx_word' id='word_1_215' title='bbox 1179 2875 1218 2916; x_wconf 89' lang='lat' dir='ltr'>ne</span> <span class='ocrx_word' id='word_1_216' title='bbox 1252 2852 1306 2918; x_wconf 89' lang='lat' dir='ltr'>hic</span> 
     </span>
     <span class='ocr_line' id='line_1_26' title="bbox 177 2949 759 3036; baseline 0.002 -24"><span class='ocrx_word' id='word_1_217' title='bbox 177 2949 307 3034; x_wconf 87' lang='lat' dir='ltr'>quidem</span> <span class='ocrx_word' id='word_1_218' title='bbox 330 2951 423 3016; x_wconf 89' lang='lat' dir='ltr'>locus</span> <span class='ocrx_word' id='word_1_219' title='bbox 448 2951 636 3036; x_wconf 86' lang='lat' dir='ltr'>suspicions</span> <span class='ocrx_word' id='word_1_220' title='bbox 660 2959 759 3015; x_wconf 84' lang='lat' dir='ltr'>earet.</span> 
     </span>
    </p>

    <p class='ocr_par' dir='ltr' id='par_1_6' title="bbox 178 3053 1304 3424">
     <span class='ocr_line' id='line_1_27' title="bbox 280 3053 1304 3140; baseline 0.003 -21"><span class='ocrx_word' id='word_1_221' title='bbox 280 3056 325 3119; x_wconf 82' lang='grc'>44.</span> <span class='ocrx_word' id='word_1_222' title='bbox 369 3053 556 3118; x_wconf 84' lang='lat' dir='ltr'>Particulae</span> <span class='ocrx_word' id='word_1_223' title='bbox 591 3077 665 3134; x_wconf 90' lang='lat' dir='ltr'>non,</span> <span class='ocrx_word' id='word_1_224' title='bbox 688 3076 770 3138; x_wconf 70' lang='lat' dir='ltr'>(luae</span> <span class='ocrx_word' id='word_1_225' title='bbox 804 3054 903 3140; x_wconf 86' lang='lat' dir='ltr'>paulo</span> <span class='ocrx_word' id='word_1_226' title='bbox 932 3063 1011 3140; x_wconf 86' lang='lat' dir='ltr'>post</span> <span class='ocrx_word' id='word_1_227' title='bbox 1034 3056 1190 3140; x_wconf 85' lang='lat' dir='ltr'>sequitur,</span> <span class='ocrx_word' id='word_1_228' title='bbox 1213 3057 1247 3121; x_wconf 89' lang='lat' dir='ltr'>in</span> <span class='ocrx_word' id='word_1_229' title='bbox 1270 3057 1304 3122; x_wconf 89' lang='lat' dir='ltr'>H</span> 
     </span>
     <span class='ocr_line' id='line_1_28' title="bbox 178 3155 1304 3244; baseline 0.005 -25"><span class='ocrx_word' id='word_1_230' title='bbox 178 3157 404 3241; x_wconf 86' lang='lat' dir='ltr'>superscripta</span> <span class='ocrx_word' id='word_1_231' title='bbox 432 3165 482 3220; x_wconf 87' lang='lat' dir='ltr'>est</span> <span class='ocrx_word' id='word_1_232' title='bbox 509 3157 601 3220; x_wconf 83' lang='lat' dir='ltr'>varia</span> <span class='ocrx_word' id='word_1_233' title='bbox 628 3155 729 3221; x_wconf 89' lang='lat' dir='ltr'>lectio</span> <span class='ocrx_word' id='word_1_234' title='bbox 751 3181 836 3237; x_wconf 87' lang='lat' dir='ltr'>nnrn,</span> <span class='ocrx_word' id='word_1_235' title='bbox 861 3179 941 3242; x_wconf 84' lang='lat' dir='ltr'>quae</span> <span class='ocrx_word' id='word_1_236' title='bbox 965 3166 1096 3244; x_wconf 85' lang='lat' dir='ltr'>recepto</span> <span class='ocrx_word' id='word_1_237' title='bbox 1129 3167 1179 3223; x_wconf 86' lang='lat' dir='ltr'>cst</span> <span class='ocrx_word' id='word_1_238' title='bbox 1212 3160 1245 3224; x_wconf 93' lang='lat' dir='ltr'>in</span> <span class='ocrx_word' id='word_1_239' title='bbox 1283 3161 1304 3225; x_wconf 90' lang='lat' dir='ltr'>b</span> 
     </span>
     <span class='ocr_line' id='line_1_29' title="bbox 178 3253 1304 3328; baseline 0.005 -7"><span class='ocrx_word' id='word_1_240' title='bbox 178 3257 292 3322; x_wconf 87' lang='lat' dir='ltr'>codice</span> <span class='ocrx_word' id='word_1_241' title='bbox 316 3266 349 3322; x_wconf 87' lang='lat' dir='ltr'>et</span> <span class='ocrx_word' id='word_1_242' title='bbox 370 3259 404 3322; x_wconf 89' lang='lat' dir='ltr'>in</span> <span class='ocrx_word' id='word_1_243' title='bbox 434 3258 579 3323; x_wconf 87' lang='lat' dir='ltr'>editione</span> <span class='ocrx_word' id='word_1_244' title='bbox 601 3256 796 3324; x_wconf 88' lang='lat' dir='ltr'>Wouwerii.</span> <span class='ocrx_word' id='word_1_245' title='bbox 832 3253 878 3325; x_wconf 79' lang='lat' dir='ltr'>&#39;Is</span> <span class='ocrx_word' id='word_1_246' title='bbox 902 3284 966 3326; x_wconf 93' lang='lat' dir='ltr'>non</span> <span class='ocrx_word' id='word_1_247' title='bbox 990 3285 1028 3326; x_wconf 87' lang='lat' dir='ltr'>ex</span> <span class='ocrx_word' id='word_1_248' title='bbox 1052 3283 1116 3325; x_wconf 73' lang='lat' dir='ltr'>rino</span> <span class='ocrx_word' id='word_1_249' title='bbox 1140 3261 1224 3328; x_wconf 91' lang='lat' dir='ltr'>libro</span> <span class='ocrx_word' id='word_1_250' title='bbox 1249 3263 1304 3327; x_wconf 84' lang='lat' dir='ltr'>ad-</span> 
     </span>
     <span class='ocr_line' id='line_1_30' title="bbox 178 3361 1082 3424; baseline 0.004 0"><span class='ocrx_word' id='word_1_251' title='bbox 178 3361 315 3424; x_wconf 83' lang='lat' dir='ltr'>notavit.</span> <span class='ocrx_word' id='word_1_252' title='bbox 1080 3368 1082 3372; x_wconf 83' lang='grc'><strong>’</strong></span> 
     </span>
    </p>

    <p class='ocr_par' dir='ltr' id='par_1_7' title="bbox 177 3461 1304 3858">
     <span class='ocr_line' id='line_1_31' title="bbox 280 3461 1304 3552; baseline 0.005 -24"><span class='ocrx_word' id='word_1_253' title='bbox 280 3463 326 3529; x_wconf 79' lang='grc'>45.</span> <span class='ocrx_word' id='word_1_254' title='bbox 371 3461 480 3528; x_wconf 79' lang='lat' dir='ltr'>Otinns</span> <span class='ocrx_word' id='word_1_255' title='bbox 514 3462 581 3549; x_wconf 88' lang='lat' dir='ltr'>(vel</span> <span class='ocrx_word' id='word_1_256' title='bbox 612 3464 728 3549; x_wconf 83' lang='lat' dir='ltr'>ovines)</span> <span class='ocrx_word' id='word_1_257' title='bbox 757 3465 791 3528; x_wconf 93' lang='lat' dir='ltr'>in</span> <span class='ocrx_word' id='word_1_258' title='bbox 819 3487 935 3531; x_wconf 85' lang='lat' dir='ltr'>rasura</span> <span class='ocrx_word' id='word_1_259' title='bbox 963 3467 1120 3552; x_wconf 87' lang='lat' dir='ltr'>scriptum</span> <span class='ocrx_word' id='word_1_260' title='bbox 1143 3468 1249 3532; x_wconf 88' lang='lat' dir='ltr'>estin</span> <span class='ocrx_word' id='word_1_261' title='bbox 1272 3471 1304 3534; x_wconf 95' lang='lat' dir='ltr'><strong>A</strong></span> 
     </span>
     <span class='ocr_line' id='line_1_32' title="bbox 178 3565 1304 3656; baseline 0.003 -25"><span class='ocrx_word' id='word_1_262' title='bbox 178 3575 216 3631; x_wconf 60' lang='lat' dir='ltr'>st,</span> <span class='ocrx_word' id='word_1_263' title='bbox 234 3566 277 3648; x_wconf 85' lang='lat' dir='ltr'>H,</span> <span class='ocrx_word' id='word_1_264' title='bbox 300 3567 334 3628; x_wconf 92' lang='lat' dir='ltr'>in</span> <span class='ocrx_word' id='word_1_265' title='bbox 357 3565 386 3630; x_wconf 84' lang='lat' dir='ltr'>F</span> <span class='ocrx_word' id='word_1_266' title='bbox 409 3565 540 3630; x_wconf 81' lang='lat' dir='ltr'>additur</span> <span class='ocrx_word' id='word_1_267' title='bbox 562 3568 612 3630; x_wconf 84' lang='lat' dir='ltr'>vel</span> <span class='ocrx_word' id='word_1_268' title='bbox 641 3568 795 3631; x_wconf 83' lang='lat' dir='ltr'>vieinrn.</span> <span class='ocrx_word' id='word_1_269' title='bbox 830 3567 899 3632; x_wconf 83' lang='lat' dir='ltr'>Aut</span> <span class='ocrx_word' id='word_1_270' title='bbox 921 3568 954 3630; x_wconf 92' lang='lat' dir='ltr'>in</span> <span class='ocrx_word' id='word_1_271' title='bbox 978 3567 1157 3656; x_wconf 80' lang='lat' dir='ltr'>archetypo</span> <span class='ocrx_word' id='word_1_272' title='bbox 1182 3569 1304 3654; x_wconf 81' lang='lat' dir='ltr'>aliquid</span> 
     </span>
     <span class='ocr_line' id='line_1_33' title="bbox 177 3668 1304 3755; baseline 0.002 -21"><span class='ocrx_word' id='word_1_273' title='bbox 177 3669 340 3734; x_wconf 85' lang='lat' dir='ltr'>turbatum</span> <span class='ocrx_word' id='word_1_274' title='bbox 364 3676 442 3750; x_wconf 84' lang='lat' dir='ltr'>erat,</span> <span class='ocrx_word' id='word_1_275' title='bbox 466 3677 521 3732; x_wconf 74' lang='lat' dir='ltr'>sert</span> <span class='ocrx_word' id='word_1_276' title='bbox 544 3670 644 3734; x_wconf 87' lang='lat' dir='ltr'>otinrn</span> <span class='ocrx_word' id='word_1_277' title='bbox 673 3668 772 3755; x_wconf 82' lang='lat' dir='ltr'>paulo</span> <span class='ocrx_word' id='word_1_278' title='bbox 798 3671 1038 3755; x_wconf 84' lang='lat' dir='ltr'>antepositum</span> <span class='ocrx_word' id='word_1_279' title='bbox 1072 3670 1214 3736; x_wconf 82' lang='lat' dir='ltr'>librariis</span> <span class='ocrx_word' id='word_1_280' title='bbox 1238 3671 1304 3736; x_wconf 89' lang='lat' dir='ltr'>dis-</span> 
     </span>
     <span class='ocr_line' id='line_1_34' title="bbox 177 3771 305 3858; baseline -0.016 -23"><span class='ocrx_word' id='word_1_281' title='bbox 177 3771 305 3858; x_wconf 80' lang='lat' dir='ltr'>plicuit.</span> 
     </span>
    </p>
   </div>
   <div class='ocr_carea' id='block_1_3' title="bbox 177 4075 1305 4374">
    <p class='ocr_par' dir='ltr' id='par_1_8' title="bbox 177 4075 1305 4374">
     <span class='ocr_line' id='line_1_35' title="bbox 280 4075 1303 4170; baseline 0.003 -25"><span class='ocrx_word' id='word_1_282' title='bbox 280 4080 343 4166; x_wconf 79' lang='lat' dir='ltr'>Ep.</span> <span class='ocrx_word' id='word_1_283' title='bbox 367 4080 384 4144; x_wconf 94' lang='lat' dir='ltr'>I</span> <span class='ocrx_word' id='word_1_284' title='bbox 408 4081 426 4140; x_wconf 89' lang='grc'><strong>6</strong></span> <span class='ocrx_word' id='word_1_285' title='bbox 451 4081 553 4165; x_wconf 89' lang='grc'>(181).</span> <span class='ocrx_word' id='word_1_286' title='bbox 593 4075 669 4144; x_wconf 91' lang='lat' dir='ltr'>Non</span> <span class='ocrx_word' id='word_1_287' title='bbox 691 4082 838 4167; x_wconf 76' lang='lat' dir='ltr'>nequiter</span> <span class='ocrx_word' id='word_1_288' title='bbox 862 4092 891 4144; x_wconf 79' lang='lat' dir='ltr'>te</span> <span class='ocrx_word' id='word_1_289' title='bbox 914 4083 1046 4145; x_wconf 78' lang='lat' dir='ltr'>concilii</span> <span class='ocrx_word' id='word_1_290' title='bbox 1069 4092 1209 4167; x_wconf 81' lang='lat' dir='ltr'>ternpore</span> <span class='ocrx_word' id='word_1_291' title='bbox 1229 4097 1303 4170; x_wconf 81' lang='lat' dir='ltr'>post</span> 
     </span>
     <span class='ocr_line' id='line_1_36' title="bbox 177 4185 1304 4270; baseline -0.001 -19"><span class='ocrx_word' id='word_1_292' title='bbox 177 4187 319 4251; x_wconf 78' lang='lat' dir='ltr'>sedentes</span> <span class='ocrx_word' id='word_1_293' title='bbox 343 4193 559 4270; x_wconf 75' lang='lat' dir='ltr'>censentesque</span> <span class='ocrx_word' id='word_1_294' title='bbox 575 4186 703 4248; x_wconf 87' lang='lat' dir='ltr'>invenes</span> <span class='ocrx_word' id='word_1_295' title='bbox 721 4185 901 4269; x_wconf 75' lang='lat' dir='ltr'>inqlorisnn</span> <span class='ocrx_word' id='word_1_296' title='bbox 917 4190 1085 4265; x_wconf 83' lang='lat' dir='ltr'>rnsticnne,</span> <span class='ocrx_word' id='word_1_297' title='bbox 1097 4207 1199 4250; x_wconf 84' lang='lat' dir='ltr'>seneen</span> <span class='ocrx_word' id='word_1_298' title='bbox 1217 4197 1304 4251; x_wconf 84' lang='lat' dir='ltr'>ston-</span> 
     </span>
     <span class='ocr_line' id='line_1_37' title="bbox 178 4286 1305 4374; baseline -0.001 -19"><span class='ocrx_word' id='word_1_299' title='bbox 178 4305 255 4368; x_wconf 85' lang='lat' dir='ltr'>ten,</span> <span class='ocrx_word' id='word_1_300' title='bbox 288 4287 455 4352; x_wconf 84' lang='lat' dir='ltr'>nobilenv</span> <span class='ocrx_word' id='word_1_301' title='bbox 496 4286 734 4352; x_wconf 78' lang='lat' dir='ltr'>latitabundum</span> <span class='ocrx_word' id='word_1_302' title='bbox 761 4291 922 4374; x_wconf 81' lang='lat' dir='ltr'>pauperis</span> <span class='ocrx_word' id='word_1_303' title='bbox 956 4288 1111 4354; x_wconf 75' lang='lat' dir='ltr'>honorati</span> <span class='ocrx_word' id='word_1_304' title='bbox 1143 4293 1305 4355; x_wconf 82' lang='lat' dir='ltr'>sententie</span> 
     </span>
    </p>
   </div>
   <div class='ocr_carea' id='block_1_4' title="bbox 1182 4429 1200 4482">
    <p class='ocr_par' dir='ltr' id='par_1_9' title="bbox 1182 4429 1200 4482">
     <span class='ocr_line' id='line_1_38' title="bbox 1182 4429 1200 4482; baseline 0 0"><span class='ocrx_word' id='word_1_305' title='bbox 1182 4429 1200 4482; x_wconf 73' lang='grc'><strong>2</strong></span> 
     </span>
    </p>
   </div>
   <div class='ocr_carea' id='block_1_5' title="bbox 0 0 1590 4908">
    <p class='ocr_par' dir='ltr' id='par_1_10' title="bbox 0 0 1590 4908">
     <span class='ocr_line' id='line_1_39' title="bbox 0 0 1590 4908; baseline 0 0"><span class='ocrx_word' id='word_1_306' title='bbox 0 0 1590 4908; x_wconf 95' lang='lat' dir='ltr'> </span> 
     </span>
    </p>
   </div>
  </div>
 </body>
</html>
