3186 4900
326 265 386 334 102

281 468 330 524 tes
353 480 545 542 quemquam
568 477 792 522 excusaremur
815 457 967 536 retinent,
991 457 1032 520 ad
1056 456 1140 520 hanc
1162 463 1270 520 temen
1293 455 1408 520 lectio-

281 583 353 626 nem
377 558 655 625 accommodatius
679 557 837 624 reddunt:
862 568 896 624 et
917 558 992 645 plut
1014 563 1034 623 ”a
1055 559 1142 622 Dieu
1165 581 1227 643 que
1250 558 1342 623 l’e'tct
1368 580 1409 622 ou

281 664 313 727 la
341 663 499 728 situation
521 662 564 727 du
587 684 670 750 pays
693 662 841 726 Arverno
865 662 918 726 fot
940 661 980 726 de
1003 669 1117 726 nature
1140 665 1161 726 b
1183 683 1266 726 nous
1295 662 1410 724 rendre

281 765 387 830 moins
416 765 618 830 excusebles.
662 765 736 830 Nos
771 765 872 829 tutius
895 773 964 829 tem
986 763 1099 829 multis
1123 772 1251 848 tamque
1275 785 1410 830 consen-

281 869 440 934 tientibus
465 868 634 934 codicibus
657 867 755 933 fidem
778 867 979 933 habebimus.

384 1179 448 1265 Ep.
472 1178 553 1244 VII·
575 1180 614 1241 14
642 1177 747 1264 (389).
793 1177 1002 1244 Conclamata
1030 1188 1103 1240 eunt
1131 1195 1265 1262 namque
1287 1177 1411 1242 indicio

282 1285 511 1348 uniuersali
549 1284 702 1346 scientiae
735 1281 893 1368 dc'yne'tcs,
937 1284 1088 1344 virtus:
1114 1283 1411 1367 praeroyate'ea

283 1391 390 1452 cuias
414 1387 456 1451 ad
479 1377 653 1450 maciacum
677 1387 798 1450 culmen
818 1387 1012 1448 meritorum
1032 1384 1193 1468 proditus
1215 1385 1410 1448 accenditur.

384 1489 449 1555 358.
483 1488 600 1552 Multis
623 1486 729 1551 modis
752 1487 816 1551 hoc
838 1486 913 1550 loco
935 1486 1105 1549 varientur
1127 1485 1276 1551 codicum
1298 1486 1413 1551 lectio-

283 1616 351 1657 nes.
382 1592 467 1657 InA
480 1594 675 1656 conclamati
692 1590 858 1671 scribitur,
871 1596 950 1677 post
977 1600 1050 1654 eant
1073 1598 1180 1653 erstem
1202 1589 1334 1655 brevius
1357 1613 1413 1653 vo-

282 1694 433 1770 cabulum
456 1717 584 1759 erasum
605 1692 744 1758 videtur.
778 1693 818 1756 In
841 1692 873 1758 V
891 1713 1025 1779 namque
1047 1715 1087 1756 ex
1109 1713 1207 1777 neque
1231 1699 1412 1758 correctum

283 1806 349 1877 est3
384 1805 463 1884 post
495 1799 678 1862 uniuersali
699 1797 733 1859 in
755 1797 819 1860 fine
841 1815 956 1861 versus
980 1795 1090 1859 littera
1111 1817 1205 1860 erasa
1227 1803 1287 1878 est,
1310 1803 1343 1860 et
1365 1817 1414 1859 se-

283 1901 414 1985 quentis
436 1900 528 1965 verbi
550 1900 680 1964 initium
705 1900 740 1962 in
768 1921 882 1963 rasura
905 1899 1064 1985 scripturn
1086 1907 1146 1964 est.
1191 1899 1315 1965 Eodem
1337 1899 1413 1964 loco

283 2005 317 2068 in
340 2004 375 2067 H
398 2003 513 2068 codice
536 2025 683 2067 rasuram
707 2001 848 2088 repperi,
860 2005 1015 2067 scientiae
1038 2003 1070 2066 in
1088 2011 1233 2068 extremo
1247 2025 1342 2068 versu
1358 2026 1416 2089 po-

285 2108 393 2172 situm.
438 2104 650 2172 Wouwcrius
683 2105 783 2170 verba
816 2105 940 2170 indicio
966 2107 1164 2172 uniuersalis
1197 2109 1349 2171 scientiae
1383 2106 1416 2168 in

285 2210 451 2296 plerisque
473 2208 567 2274 libris
591 2216 809 2302 nonxexstere
832 2207 978 2272 adnotat.
1016 2208 1223 2273 Universale’e
1245 2232 1283 2273 ex
1297 2209 1418 2274 codici-

286 2314 346 2379 bus
381 2313 450 2378 suis
474 2314 616 2376 ibrtasse
649 2307 861 2376 Wouwcrius
890 2311 1218 2397 Ehnenhorstinsque
1244 2320 1417 2399 reponunt.

286 2417 429 2482 Prorsus
453 2416 536 2480 male
554 2416 796 2502 coniunguntur
812 2417 936 2480 iudicio
952 2420 1149 2481 uniuersalis
1168 2418 1417 2495 scientiae,na1n

287 2521 327 2585 de
350 2524 486 2585 scientia
508 2519 571 2585 hoc
593 2519 668 2584 loco
691 2519 810 2606 agitur,
832 2520 920 2604 quod
943 2520 1076 2586 verbum
1094 2520 1135 2584 ad
1153 2521 1321 2604 sequentia
1338 2519 1416 2584 refo-

286 2635 376 2689 retur
391 2646 526 2690 necesse
548 2633 608 2688 est.

389 2727 453 2792 359.
498 2727 539 2791 In
562 2726 613 2791 his
636 2726 789 2791 Mohrius
813 2735 990 2812 postquam
1013 2733 1101 2791 recte
1124 2726 1325 2812 vituperavit
1347 2725 1419 2789 inu-

287 2830 420 2894 sitatum
443 2830 626 2917 asyndeton
650 2831 798 2915 diqnitce
818 2835 924 2894 cirtae
941 2830 1304 2915 inaequabilitatenrque
1320 2851 1418 2892 menr-

287 2934 419 2998 brorum
442 2934 562 2998 reiecta
585 2957 623 2997 ea
644 2956 739 3017 quam
764 2956 864 3020 supra
888 2934 1010 3020 scripsi
1034 2934 1187 3015 lectione,
1198 2956 1281 3017 quae
1297 2933 1331 2996 in
1349 2928 1419 2995 Sir-

287 3035 397 3099 nrondi
422 3035 566 3100 editione
590 3037 763 3122 reperitur,
786 3037 994 3102 scribendum
1016 3045 1113 3124 putat
1133 3041 1286 3101 scientiae
1309 3037 1419 3121 dipne‘-

289 3155 349 3219 tae,
367 3142 539 3203 uirtutis
551 3141 803 3225 praecoquum,
817 3145 905 3205 cecina
918 3141 960 3206 cd
970 3145 1145 3206 monimum
1157 3144 1288 3206 calanen.
1318 3137 1418 3221 Quod

288 3242 421 3305 verbrnn
454 3242 593 3305 mutavit
614 3245 761 3324 uirtutis,
783 3243 829 3306 ite
850 3243 914 3306 iam
946 3241 1157 3309 Wouwcrius
1191 3243 1303 3308 edidit.
1352 3238 1419 3306 Sed

289 3343 371 3407 nihil
407 3351 527 3407 temere
554 3353 679 3408 mutere
702 3344 888 3409 volentibus
911 3344 1027 3410 melius
1050 3346 1214 3412 videbitur
1240 3347 1273 3409 in
1302 3347 1419 3432 optimi

289 3445 418 3510 (codicis
441 3446 474 3509 A
493 3445 634 3510 lectione
657 3447 874 3530 acquiescere,
886 3469 969 3531 quae
992 3447 1072 3513 baec
1094 3457 1159 3514 est:
1178 3453 1330 3514 scientiae
1347 3451 1419 3535 dip-

288 3552 377 3613 ne‘tce
402 3553 510 3613 uirtus
529 3555 775 3636 praeropatc'aa,
800 3554 888 3615 cuiue
917 3553 959 3616 ad
981 3555 1155 3618 monimum
1178 3556 1309 3617 melnen.
1354 3553 1423 3616 Ac-

289 3651 380 3716 cedit
406 3653 436 3717 V
461 3652 587 3717 codicis
612 3654 804 3734 auctoritas,
826 3655 860 3718 in
883 3677 947 3738 quo
972 3655 1020 3719 sic
1044 3656 1141 3720 verba
1159 3657 1422 3742 distinguuntur:

289 3756 449 3840 diqne'tas,
473 3759 590 3837 uirtus,
609 3761 856 3843 praerapatica,
880 3760 979 3823 cneus.

394 4063 458 4150 Ep.
483 4064 556 4130 VII
580 4068 619 4128 14
641 4067 747 4153 (390).
792 4065 1007 4133 ieiunandum
1040 4070 1178 4133 alternis
1206 4071 1326 4157 patae?
1357 4091 1425 4134 non

285 4169 381 4254 pipet
404 4171 514 4252 sequi:
530 4171 827 4254 prandendum?
847 4191 912 4235 non
929 4173 1030 4257 pudet
1048 4178 1252 4258 praeuenire.

397 4270 462 4335 360.
507 4267 565 4335 Sic
600 4272 717 4338 scribit
738 4273 899 4359 Mignius,
921 4276 1008 4360 quod
1033 4298 1142 4340 verum
1165 4299 1239 4342 esse
1260 4279 1426 4362 existimo,
