3186 4900
329 265 369 328 92

289 457 393 519 ierunt
415 474 557 518 neeorune
584 453 732 536 populo
765 452 877 514 iunior
904 471 995 534 maye
1019 469 1114 533 quone
1135 450 1244 510 neinor
1268 447 1427 532 Moyses,

286 561 480 622 intercessor
514 557 660 636 assistas,
692 575 757 617 non
783 556 921 620 ulterius
949 551 1170 617 descendemus
1193 552 1228 613 in
1250 550 1416 637 infernum

285 664 436 726 uiuentes.

388 763 452 828 311.
496 761 697 826 Facinornm
731 759 975 826 continuatione
1007 757 1134 839 melius,
1164 757 1250 821 sicut
1271 756 1306 819 in
1327 754 1361 820 A
1382 762 1416 819 11

286 868 320 933 H
343 867 465 931 factum
488 873 547 947 111,
576 863 617 928 ad
644 864 870 930 antecedentia
897 862 1010 927 referri
1035 868 1173 948 apparet
1193 881 1290 943 quam
1314 858 1356 922 ad
1377 880 1415 922 ea

284 993 366 1055 quae
389 976 555 1053 sequntur.
599 968 715 1052 Neque
748 967 834 1032 enim
868 973 943 1030 ante
976 964 1151 1049 quidquam
1184 962 1321 1045 dixerat,
1349 983 1413 1045 quo

285 1077 392 1138 oneris
416 1074 565 1157 impositi
592 1093 699 1136 massa
721 1070 951 1156 explicaretur.
994 1065 1207 1132 W'ouwerius
1230 1074 1263 1130 ct
1284 1064 1415 1130 Elmen·

284 1175 429 1241 horstius
464 1156 655 1256 sententias,
689 1181 725 1238 ut
757 1172 920 1238 interdum
948 1171 1068 1252 solent,
1097 1168 1257 1234 hocloco
1281 1167 1412 1232 omnino

285 1303 350 1345 non
372 1278 534 1360 dividunt,
558 1278 657 1344 ceteri
681 1277 780 1343 verba
792 1279 986 1364 facinorum
1004 1276 1244 1340 continuatione
1263 1272 1296 1336 in
1318 1268 1413 1334 initio

283 1405 388 1446 novae
411 1381 591 1447 sententiae
612 1387 748 1467 ponunt.

385 1502 450 1567 318.
493 1500 670 1588 Irnpertiat
692 1500 823 1587 scripsi,
846 1522 911 1564 non
933 1502 1125 1586 inpertiam
1153 1497 1187 1560 in
1215 1493 1324 1561 AHV
1347 1491 1414 1580 syl-

282 1606 357 1672 laba
373 1628 436 1692 per
460 1613 539 1670 noto
562 1603 756 1691 compendio
781 1603 944 1669 scribitur.

385 1726 449 1792 tlt.
478 1724 668 1810 Arropanti
685 1724 879 1790 auctoritate
896 1721 1169 1789 consentientium
1187 1714 1412 1784 AHRZVU

282 1828 432 1894 codicum
455 1836 622 1916 permotus
646 1827 788 1893 scribere
810 1850 876 1891 non
899 1825 1057 1907 dubitavi,
1075 1833 1254 1909 arropante
1272 1814 1411 1885 Celsius

281 1933 315 1996 in
338 1932 489 1997 omnibus
517 1930 750 2017 manuscriptis
774 1951 847 1996 esse
870 1929 961 1995 dicit.
1006 1929 1150 1994 Prorsus
1172 1926 1236 1991 hoc
1257 1923 1412 2009 loquendi

280 2057 384 2124 genus
407 2036 561 2100 convenit
583 2032 735 2116 Sidonio,
758 2058 832 2098 nam
855 2036 1032 2120 arropanti
1055 2044 1143 2098 tactu
1166 2054 1226 2118 pro
1250 2050 1411 2115 arrapen-

282 2153 332 2204 ter·
366 2139 489 2204 dictum
517 2147 577 2203 111.
622 2139 662 2202 11
690 2138 833 2203 editione
866 2137 1016 2224 principe
1039 2144 1072 2202 et
1094 2160 1113 2200 a
1133 2132 1326 2202 Wouwerio
1361 2151 1410 2194 oe-

280 2247 441 2331 qrotonti,
464 2266 483 2306 a
507 2239 682 2307 Sirmondo
697 2241 829 2328 Mignio
848 2240 970 2305 Bareto
989 2242 1157 2304 arrotanti
1174 2236 1333 2322 scriptum
1350 2241 1411 2314 est,

279 2347 368 2432 quod
396 2368 435 2410 ex
459 2345 522 2410 hoc
544 2368 608 2409 uno
632 2345 706 2410 loco
730 2345 764 2408 in
786 2344 901 2409 lexicis
925 2342 1058 2408 allatum
1082 2339 1256 2407 admodum
1279 2337 1410 2403 dubium

279 2457 341 2532 est,
375 2447 568 2537 praesertim
601 2470 674 2513 cum
701 2448 735 2512 in
765 2448 901 2512 rotandi
928 2447 1019 2512 verbi
1042 2445 1131 2509 nulla
1153 2440 1331 2509 vacillandi
1354 2447 1410 2504 atet

278 2551 522 2618 intremiscendi
557 2552 649 2617 notio
677 2551 785 2616 inesse
809 2552 967 2616 videatur.
1012 2549 1136 2615 Melius
1172 2545 1341 2628 Sidonius,
1376 2543 1409 2607 ni

278 2655 386 2738 fallor,
409 2668 540 2721 errante
564 2667 652 2720 tactu
675 2655 876 2741 scripsisset.

380 2777 444 2843 3111.
488 2767 711 2843 Verba'idern
740 2779 776 2840 in
804 2798 852 2840 nee
875 2770 1026 2858 Oolvius,
1048 2798 1143 2860 quem
1165 2774 1285 2839 litteris
1308 2775 1409 2839 maio-

277 2880 323 2945 ris
342 2880 466 2945 formae
482 2879 638 2945 adhibitis
656 2876 1034 2969 sequiturWouwerins,
1052 2877 1263 2942 iurisiurandi
1287 2879 1408 2943 formu·

277 2983 341 3048 lam
369 3005 442 3049 1111
471 3007 535 3049 non
563 2989 651 3048 recte
684 2989 789 3069 putat.
833 2982 886 3048 Ne
914 2983 943 3046 is
972 2981 1102 3068 quidem
1124 2980 1180 3066 qui
1203 2980 1236 3047 V
1259 2980 1407 3047 codicem

276 3086 424 3151 exaravit
445 3085 553 3152 locum
576 3085 748 3167 intellexit,
771 3109 846 3150 riam
868 3109 929 3172 pro
951 3107 1000 3150 nee
1024 3085 1160 3172 scripsit
1181 3107 1261 3149 ntea.

378 3207 443 3271 311.
486 3205 593 3270 Iesum
617 3205 785 3272 Christum
807 3229 873 3270 non
896 3206 1002 3270 estin
1021 3203 1275 3284 AHRZVU3
1298 3207 1331 3270 in
1350 3205 1406 3271 iis-

275 3310 348 3375 dem
372 3309 531 3394 scriptum
554 3299 690 3392 11111,
713 3308 821 3374 idest
844 3310 935 3373 dean
958 3331 1023 3373 non
1041 3309 1217 3391 danninum,
1234 3308 1322 3394 quod
1339 3308 1406 3374 edi-

276 3414 383 3478 tiones
417 3412 547 3477 habcnt.
593 3412 668 3477 Hoc
701 3435 829 3496 quoque
863 3411 937 3476 loco
967 3410 1118 3477 codicum
1146 3413 1320 3478 lectionem
1343 3435 1404 3499 ego

274 3515 495 3602 recipiendam
518 3537 647 3580 censen.
682 3509 768 3580 Cum
791 3515 883 3580 denrn
901 3515 934 3580 in
951 3518 1115 3582 dominnm
1134 3524 1290 3582 mutatum
1307 3524 1405 3599 esset,

275 3643 340 3684 non
362 3618 445 3682 male
469 3618 567 3683 verba
589 3618 646 3683 illa
668 3618 880 3684 addebantur.

377 3740 441 3805 111.
486 3739 613 3827 Populo
649 3763 721 3806 cum
750 3741 824 3806 aliis
852 3741 935 3806 locis
965 3740 1095 3806 defendi
1124 3744 1258 3829 poterit,
1280 3751 1316 3806 ut
1338 3767 1404 3809 non

274 3842 464 3908 mutandum
482 3843 535 3926 sit,
553 3852 622 3908 tum
645 3867 743 3909 carm.
769 3846 819 3927 15,
843 3846 882 3908 27
902 3847 1066 3929 plurimus
1091 3845 1143 3909 ieie
1164 3847 1326 3912 Briareus
1342 3870 1403 3934 po·

267 3948 383 4034 peloso
408 3969 542 4034 corpore
559 3960 699 4035 pupnat,
722 3949 778 4015 ubi
801 3948 913 4014 eadem
936 3950 1003 4014 fere
1026 3953 1078 4014 est
1099 3951 1353 4038 prosopopoeia.

375 4068 440 4134 311.
485 4071 610 4156 Moyses
634 4091 674 4134 ex
691 4068 724 4133 A
734 4069 814 4136 HV
833 4070 964 4158 scripsi,
987 4093 1052 4134 non
1073 4071 1187 4154 Moses,
1210 4094 1403 4160 quamquam

273 4173 306 4243 in
329 4172 361 4236 A
382 4193 402 4266 1
424 4171 569 4246 addicar
591 4181 651 4245 est.
