3186 4900
319 266 361 330 82

376 453 440 540 Ep.
464 453 515 518 IV
538 453 579 518 22
602 451 709 539 (309).
755 449 801 515 At
823 453 854 515 ei
877 454 1012 535 tuipse,
1035 454 1087 515 eui
1108 452 1220 516 dotum
1242 462 1289 515 eet
1311 453 1403 516 uolti-

275 559 331 622 buo
352 560 480 644 plorioe
511 569 721 644 proterere
746 577 839 644 poete
866 558 1004 619 oeroe'oee
1031 558 1258 640 vituperonum
1280 575 1333 619 eeu
1355 578 1406 618 eu·

270 683 476 747 perourrere,
487 663 645 726 materiae
667 663 790 724 iotiuo
809 659 910 724 liberte
918 660 1127 743 provintiam
1140 662 1282 722 sortiare
1293 667 1327 721 et
1337 680 1368 742 q.
1377 681 1404 721 s.

377 782 442 847 m.
487 781 665 847 Proterere
688 779 838 845 scribunt
853 776 1066 843 Wonwerins
1093 774 1288 842 Sirmondus
1306 777 1406 842 Bare-

275 885 515 972 tus,improbat
537 881 675 967 Severo,
697 883 784 969 quod
801 886 1034 970 praeterire
1057 882 1091 946 in
1115 883 1265 947 omnibus
1283 881 1406 945 oodiei-

275 989 336 1055 bns
360 989 415 1054 sit.
461 984 527 1053 Sed
550 988 584 1051 in
608 988 640 1053 V
668 989 731 1052 tuit
764 988 834 1052 sine
862 986 961 1051 dubio
981 1000 1162 1072 proterere,
1185 987 1278 1050 onius
1301 987 1406 1072 prima

275 1091 404 1180 syllaba
425 1114 484 1178 per
512 1091 741 1178 compendium
765 1091 890 1176 scripta
911 1091 946 1154 in
965 1083 1127 1175 p*(proe)
1151 1098 1274 1154 mutata
1301 1098 1334 1153 et
1356 1112 1406 1153 se·

275 1194 416 1260 eundum
439 1217 454 1258 e
477 1195 510 1258 in
533 1200 547 1260 i
570 1204 750 1262 correctum
774 1199 836 1276 est,
858 1202 895 1258 nt
916 1215 1002 1260 nuno
1026 1194 1071 1258 sit
1090 1196 1287 1279 praeterire·
1309 1216 1347 1257 ex
1371 1191 1404 1256 U

270 1309 453 1385 proterere,
476 1322 514 1364 ex
539 1299 570 1365 Α
593 1308 626 1365 et
647 1287 792 1385 Rptire,
824 1321 862 1362 ex
885 1296 920 1362 H
942 1305 976 1362 et
1003 1297 1029 1361 Z
1054 1286 1180 1383 pterire
1216 1296 1404 1361 adnotatum

275 1402 390 1467 habeo,
436 1399 512 1484 Qua
534 1403 675 1467 lectione
698 1401 819 1466 reiecta
841 1423 956 1466 vereor
978 1422 1018 1463 ne
1041 1399 1248 1464 scribendum
1266 1399 1310 1463 sit
1326 1419 1406 1485 pro-

277 1519 391 1588 terere,
419 1506 507 1590 quod
530 1515 562 1570 et
585 1528 659 1571 oum
682 1505 818 1570 rattibor
851 1503 966 1567 melius
995 1503 1214 1590 coniungetur
1241 1511 1274 1566 et
1306 1503 1405 1566 verbo

276 1631 505 1696 euperourrere
528 1610 649 1674 maiore
673 1609 704 1674 vi
728 1615 924 1694 opponatur.
964 1607 1204 1692 Supereurrere
1221 1615 1327 1669 tamen
1343 1605 1406 1668 hoe

276 1713 351 1779 looo
375 1713 429 1778 vix
454 1722 566 1801 aptum
589 1721 650 1796 est,
673 1736 745 1778 oum
769 1711 880 1798 potius
904 1712 1137 1798 ouperet'lu'eudt'
1154 1710 1245 1775 notio
1264 1710 1406 1794 requira-

277 1825 338 1882 tur.
367 1816 486 1882 Fuitne
508 1817 542 1881 in
566 1816 745 1905 archetypo
769 1836 824 1881 teu
846 1836 1075 1901 supercurrere
1098 1814 1284 1899 explicandi
1307 1833 1406 1876 onnon

271 1931 442 2006 proterere
466 1919 515 1984 illi
539 1917 821 2006 superscriptum?

378 2039 444 2106 235.
488 2039 555 2104 Pro
578 2043 674 2105 e‘otu‘uo
696 2040 729 2104 in
754 2038 786 2104 A
809 2037 864 2103 vix
886 2045 973 2102 reete
995 2039 1100 2122 ipsiuo
1123 2037 1280 2122 scriptum
1303 2043 1362 2100 est.

379 2367 443 2454 Ep.
466 2367 518 2434 IV
541 2368 582 2431 24
606 2367 710 2452 (292).
755 2367 871 2433 Adhuc
898 2365 1066 2452 repebant,
1094 2387 1164 2429 eum
1193 2375 1321 2448 reperte
1343 2366 1406 2426 ve'r

279 2474 471 2536 caritatis
487 2471 570 2558 flere
592 2473 767 2558 proudo‘ter
793 2473 896 2556 eoepe't
918 2490 982 2532 uou
1003 2490 1128 2531 morem
1152 2467 1266 2547 debiti,
1283 2467 1337 2531 eed
1351 2487 1407 2550 pe·

278 2579 419 2642 re'oulum
441 2577 611 2642 debitoris.

380 2695 445 2762 233.
495 2699 555 2764 Vir
586 2699 710 2760 totius
739 2696 891 2758 eoru'tote‘o
910 2690 1116 2773 SirmondnS,
1139 2714 1233 2776 quem
1257 2691 1406 2777 Mignins

277 2808 310 2863 ot
333 2799 471 2865 Baretus
496 2801 598 2865 secuti
624 2807 709 2882 sunt,
723 2799 834 2864 addito
859 2797 959 2862 verbo
983 2799 1083 2862 tortus
1106 2819 1171 2860 non
1194 2805 1282 2860 reete
1305 2795 1408 2880 serip-

279 2903 331 2967 sit.
377 2903 657 2985 Additamentnm,
679 2902 767 2986 qnod
794 2925 832 2966 ex
856 2901 1006 2982 vetustis,
1029 2907 1066 2964 nt
1093 2897 1232 2979 videtur,
1255 2897 1407 2962 editioni·

279 3007 338 3070 bns
363 3003 489 3072 Severo
513 3007 629 3087 adfert,
652 3007 686 3069 in
709 3007 741 3069 A
754 3006 787 3069 H
800 3006 830 3070 R
845 3005 870 3070 Z
884 3005 915 3070 V
940 3027 1005 3068 non
1029 3010 1089 3083 est,
1113 3023 1215 3084 neque
1237 3001 1271 3063 in
1293 3001 1326 3064 N
1352 3009 1408 3064 aut

280 3107 306 3172 P
330 3131 402 3173 esso
426 3109 510 3173 eddo
533 3131 571 3172 ex
596 3103 797 3174 Chatelainii
826 3106 1108 3172 commentatione.
1152 3104 1229 3168 Hoc
1252 3101 1406 3186 loquendi

277 3234 396 3296 genere
420 3207 578 3276 Sidonius
600 3211 703 3274 utitur
726 3233 776 3296 ep.
790 3210 828 3275 ΙΙ
854 3212 891 3274 13
911 3212 1005 3297 (228)
1029 3209 1121 3271 horto
1139 3209 1270 3293 peritus
1292 3209 1406 3290 uirque

279 3320 456 3380 amicorum
479 3322 511 3380 et
533 3337 582 3401 ep.
607 3314 639 3380 V
666 3318 678 3377 l
706 3314 799 3400 (338)
834 3315 1124 3389 litterarumrore,
1154 3309 1259 3374 simile
1281 3318 1332 3372 est
1355 3331 1407 3393 ep.

279 3418 296 3482 I
325 3421 356 3482 ll
385 3418 476 3504 (202)
511 3430 583 3481 erat
611 3420 696 3482 euim
729 3421 798 3503 e'poe
833 3419 996 3482 Poeoue'ue
1016 3416 1133 3502 populi
1156 3425 1255 3490 totum
1288 3412 1406 3495 quibus

279 3521 409 3586 (tollatis
434 3521 544 3604 neseio
568 3545 608 3586 an
632 3522 730 3585 etiem
752 3543 803 3606 ep.
828 3519 897 3586 VIl
925 3523 962 3585 14
997 3519 1088 3606 (387)
1122 3520 1230 3582 uirum
1264 3537 1407 3580 oruueru

280 3628 468 3692 litterarum
485 3649 524 3690 ex
542 3627 572 3690 A
592 3625 798 3690 scribendum
822 3625 876 3705 sit,
898 3624 953 3689 ubi
977 3627 1119 3687 otuue‘um
1141 3622 1258 3686 editur.

382 3971 444 4058 Ep.
469 3969 519 4035 IV
543 3970 584 4034 25
606 3971 709 4056 (272).
750 3967 789 4033 Iu
812 3992 872 4056 quo
887 3971 972 4054 feoe't
997 3966 1207 4052 Euphronius
1230 3968 1314 4054 quod.
1337 3987 1408 4031 oou·

280 4077 404 4140 veniret
426 4095 490 4139 uou
513 4077 682 4139 oeueotutio
704 4075 797 4138 modo
821 4093 1028 4150 suaevorum
1044 4071 1327 4158 etiamdtputtatio
1342 4073 1409 4135 lou-

279 4181 455 4266 peteteret·
469 4179 554 4264 feeit
577 4189 608 4242 et
630 4175 778 4260 Patitur,
800 4181 854 4242 eir
876 4176 1051 4262 quamlibet
1072 4179 1200 4261 maqru'e
1218 4187 1323 4239 tomen
1340 4196 1408 4260 por

281 4285 440 4363 leudibus,
464 4285 545 4367 quod
570 4286 651 4347 notis
674 4283 779 4346 denuit
794 4283 909 4368 faeere
927 4303 1112 4366 peroouom,
1141 4302 1220 4367 quoe
1244 4293 1338 4364 eaput
1361 4291 1409 4344 ent
