3186 4900
291 261 332 324 72

245 449 467 514 istillieidium
491 448 554 512 alia
575 470 657 531 qnae
680 448 849 535 congessit
871 409 1077 514 Roensobius
1101 448 1204 533 (Itala
1221 447 1287 512 und
1300 447 1382 513 Vul-

245 559 333 640 gata,
355 551 525 640 Marburg.
551 552 644 634 1825,
667 575 742 639 pag.
767 551 855 636 467).

349 859 412 945 Ep.
436 858 488 923 IV
512 860 531 922 8
557 881 655 923 carm.
678 882 707 921 v.
734 863 752 923 5
777 881 844 943 seq.
868 860 972 944 (270).

334 997 555 1083 Euodiumque
580 995 680 1061 tibear
703 1019 768 1060 nou
791 1018 967 1082 aspernare
992 999 1148 1076 clientem,

375 1122 466 1187 quem
479 1101 610 1185 faciens
632 1122 811 1185 maguum
836 1113 870 1166 tu
893 1122 1013 1188 quoque
1035 1103 1142 1164 maior
1166 1103 1241 1164 eris.

336 1205 393 1269 Sic
418 1203 490 1283 tibi,
514 1207 566 1267 eui
590 1225 646 1267 rea
667 1214 714 1268 est
736 1208 867 1290 qeaitm·
891 1216 1096 1288 ieceratque
1121 1207 1271 1284 maritus,

379 1319 493 1372 uatus
516 1329 573 1370 reu
596 1327 715 1392 quoque
739 1313 783 1372 rit
806 1331 876 1373 eunt
896 1320 993 1394 patre
1012 1319 1147 1392 postque
1165 1319 1309 1393 patrem.

354 1446 419 1510 250.
465 1446 620 1529 Mapoura
654 1467 719 1509 non
751 1446 900 1512 dubitavi
935 1447 1077 1511 scribere
1107 1469 1145 1510 ex
1169 1447 1211 1526 A,
1234 1444 1320 1509 idem
1345 1467 1384 1508 ex

253 1547 337 1612 libro
364 1546 516 1611 Danielis
546 1545 779 1612 aWouwerio
805 1548 938 1613 allatum
961 1556 1155 1635 receperunt
1178 1544 1303 1612 Savaro
1327 1547 1385 1610 El-

252 1651 551 1736 menhorstiusque3
585 1653 743 1735 quandem
769 1651 884 1717 HltZ
900 1651 977 1717 VX
1011 1660 1043 1716 et
1072 1650 1234 1716 editiones
1263 1657 1385 1715 cetero-

253 1776 324 1816 rum
351 1752 481 1817 habent.
527 1754 567 1818 In
591 1753 698 1818 verbis
722 1754 768 1818 ita
791 1754 968 1841 oppositis,
991 1762 1028 1817 ut
1050 1753 1113 1818 hoc
1135 1754 1210 1818 looo
1234 1776 1387 1839 maquum

254 1863 287 1918 et
313 1858 429 1934 maior,
466 1851 624 1920 Sidonius
659 1857 909 1921 consonantiam
943 1879 1060 1921 vocum
1089 1863 1214 1920 tantum
1237 1857 1330 1920 abest
1351 1861 1388 1918 ut

255 1955 398 2020 oblatam
419 1957 543 2038 reiciat,
559 1967 596 2022 ut
611 1959 708 2022 etiam
724 1957 809 2023 ultro
826 1959 1018 2023 arcessitam
1034 1967 1066 2022 et
1080 1957 1235 2023 molestia
1250 1957 1389 2042 quadam

255 2059 436 2145 quaesitam
453 2060 594 2145 probare
612 2060 768 2126 videatur.
798 2062 914 2147 Neque
937 2083 1030 2126 rarus
1049 2070 1100 2126 est
1116 2062 1150 2126 in
1168 2049 1303 2147 scriptis
1319 2061 1388 2126 eius

256 2161 347 2226 verbi
369 2164 508 2248 quaudiu
531 2184 620 2244 usus,
643 2172 679 2228 ut
700 2165 785 2229 hanc
807 2165 981 2230 lectionem
1003 2165 1147 2230 librariis
1170 2163 1389 2230 difficiliorem

258 2288 323 2328 non
339 2280 426 2329 recte
441 2273 547 2350 putes.
571 2265 754 2352 Displicuit
769 2268 914 2333 librariis
931 2291 1082 2354 maquum
1098 2274 1235 2354 propter
1251 2289 1390 2358 qaoque

256 2380 410 2456 patrone,
433 2367 521 2453 quod
544 2381 595 2432 est
617 2371 652 2433 in
674 2393 770 2435 versu
795 2375 824 2434 4.

362 2490 427 2554 251.
473 2486 598 2554 Gnatus
622 2491 763 2556 fortasse
787 2492 993 2558 scribendum
1015 2501 1067 2557 est
1089 2517 1128 2558 ex
1150 2493 1183 2557 A
1195 2491 1229 2556 H
1241 2492 1284 2574 V,
1302 2489 1390 2577 quod

260 2593 408 2657 fecerunt
431 2589 555 2657 Savaro
579 2592 915 2680 Elinenborstiusque.

364 2924 427 3011 Ep.
452 2925 546 2990 IV9
576 2925 680 3009 (296).
730 2923 898 2989 Interveni
924 2927 1075 3010 prouime
1110 2923 1232 2988 Vectio
1266 2926 1395 2988 illustri

263 3031 334 3094 aire
358 3041 388 3091 et
411 3032 552 3092 actiones
574 3032 641 3092 eiue
666 3029 847 3094 cotidianae
867 3031 1068 3114 penitissime
1092 3040 1121 3092 et
1144 3029 1245 3092 ueluti
1267 3047 1304 3091 ea
1326 3028 1393 3090 otio

262 3134 400 3217 iaepeai.

314 3310 315 3316 ἵ
366 3235 431 3299 252.
482 3236 589 3300 Vectio
623 3235 657 3298 in
689 3234 943 3301 HRZVUX
978 3237 1134 3322 scripturn
1168 3233 1310 3298 editores
1339 3233 1396 3298 ha-

264 3339 358 3415 bent3
387 3337 567 3402 Vectioui
589 3361 650 3424 ego
674 3339 708 3402 in
730 3339 763 3404 A
784 3340 926 3425 repperi,
950 3362 987 3404 ex
1011 3338 1104 3404 libris
1124 3331 1392 3404 Claromontensi

265 3451 298 3506 et
321 3441 452 3507 Pithoei
477 3439 602 3506 Savaro
627 3443 748 3506 attulit.
782 3442 874 3507 Idem
897 3443 930 3507 in
953 3442 1113 3529 epistulae
1141 3443 1175 3506 13
1199 3442 1296 3506 huius
1319 3440 1395 3506 libri

266 3547 483 3632 inscriptione
511 3547 539 3610 is
563 3547 644 3611 dicit
666 3568 738 3611 esse
761 3547 795 3609 in
819 3546 998 3610 Basiliensi
1020 3545 1115 3626 libre,
1139 3567 1200 3631 ego
1224 3567 1262 3608 ex
1286 3545 1318 3608 A
1341 3543 1396 3608 ed-

267 3650 390 3730 notovi,
425 3649 482 3714 sod
512 3649 657 3714 additum
691 3657 740 3713 est
775 3653 812 3713 ui
846 3648 909 3712 alio
944 3655 1123 3711 atramento
1159 3647 1328 3732 scriptum,
1362 3647 1394 3710 in

267 3753 412 3838 margine
435 3775 563 3838 quoque
595 3752 700 3817 Vectio
724 3760 775 3817 eet
799 3791 836 3801 -
862 3751 896 3816 X
919 3750 1078 3814 hocloco
1102 3753 1199 3814 vetito
1224 3749 1322 3814 habet
1345 3787 1396 3810 ·-.

267 3855 408 3920 Dubiam
433 3878 500 3920 rem
523 3878 774 3920 commemorare
798 3855 879 3920 satis
904 3854 1011 3919 habui.

371 4168 434 4254 Ep.
459 4168 510 4234 IV
533 4170 552 4232 9
578 4170 680 4254 (297).
726 4166 820 4252 Erpa
838 4166 1009 4252 factitiam
1038 4184 1127 4226 suam
1154 4183 1210 4226 nee
1232 4167 1268 4226 iu
1284 4162 1397 4247 profe-

270 4271 370 4336 rendo
405 4275 546 4358 alloquio
570 4276 693 4352 uiuae,
721 4291 777 4334 aec
804 4271 840 4332 iu
868 4267 1066 4332 admittendo
1092 4267 1225 4330 coneilio
1249 4285 1398 4350 aperuere,
