3172 4908
348 277 389 340 48

403 463 466 548 Ep.
491 461 569 528 117
594 462 698 546 (220).
744 457 855 546 lpitur
882 463 1011 544 ipnosae
1040 459 1082 521 od
1112 471 1179 521 tam
1207 469 1336 520 sanatae
1360 480 1430 520 aon-

301 570 455 630 scientiae
471 566 744 651 praeropatioam
761 564 885 647 raptim
903 564 1146 647 perniciterque
1165 562 1430 647 properantibus,

301 668 557 755 potandoquideru
591 671 782 731 sententiam
805 679 894 730 tuam
915 687 972 729 neo
993 667 1097 729 rietus
1118 677 1155 729 ut
1179 665 1316 729 stolidus
1344 685 1431 728 auae

301 786 363 852 sat,
384 795 441 837 nea
463 775 569 836 uiator
591 783 628 835 ut
656 782 793 857 arputue
815 771 947 850 irridet,
971 772 1182 853 veritatisque
1206 781 1352 854 respectu
1375 768 1431 830 de-

297 877 474 964 pendunt
498 875 576 940 tibi
599 875 727 938 addioti
754 877 979 950 reuerentiam,
1002 876 1149 958 pretium
1177 873 1430 958 perpendunt

301 981 445 1044 liberati.

404 1083 467 1148 iil.
511 1078 656 1167 Optime,
680 1081 712 1144 ui
738 1079 901 1161 faltonia
930 1081 995 1144 fine
1029 1079 1125 1143 huius
1160 1079 1340 1142 sententiae
1368 1077 1431 1141 duo

302 1195 466 1273 ponuntur
499 1185 600 1249 verba
633 1184 815 1270 dependunt
837 1191 870 1247 et
894 1183 1110 1269 perpendunt,
1133 1204 1272 1267 quorum
1295 1182 1431 1244 alterum

301 1290 395 1354 alteri
414 1287 621 1374 respondeat,
632 1295 669 1350 ut
688 1286 768 1351 illud
788 1288 885 1351 vietis
909 1287 1001 1370 quasi
1026 1287 1140 1364 invito,
1165 1286 1227 1350 hoo
1250 1285 1432 1349 viatoribus

300 1393 529 1458 lubentissimo
549 1392 657 1455 animo
669 1391 860 1476 Expliaium
872 1389 1055 1454 colentibus
1071 1390 1247 1453 convenire
1272 1388 1431 1452 videatur.

300 1497 344 1560 nt
367 1495 443 1560 talis
467 1494 520 1558 hie
540 1495 633 1559 locus
650 1495 683 1558 in
696 1495 728 1558 A
741 1493 921 1575 exhibetur,
939 1494 1146 1579 perpenderet
1168 1501 1274 1556 autem
1297 1492 1432 1556 Manius

301 1601 421 1663 usitato
456 1597 650 1684 compendio
685 1597 842 1682 scriptum
877 1597 1012 1678 rettulit,
1036 1619 1097 1682 ego
1132 1619 1210 1660 vero
1239 1618 1305 1681 pro
1339 1595 1431 1658 vocis

301 1703 528 1789 compendium
562 1701 727 1766 adnotavi.
773 1701 843 1766 Pro
867 1701 978 1786 posito
1002 1701 1113 1765 nescio
1143 1723 1183 1763 sn
1212 1699 1322 1784 aptior
1344 1707 1432 1762 esset

300 1807 480 1893 oppositi0,
514 1827 651 1889 quaeum
685 1805 827 1869 conferri
862 1811 978 1890 posset
1011 1803 1120 1868 Plaut.
1144 1804 1240 1867 Asin.
1265 1803 1302 1866 ΙΙ
1331 1805 1362 1882 2,
1390 1803 1429 1863 39

301 1911 393 1994 (305)
417 1931 473 1972 neo
502 1910 694 1994 dependes
722 1929 778 1972 neo
797 1909 1032 1994 propendeo,
1056 1912 1134 1992 quin
1155 1909 1260 1971 malus
1281 1900 1430 1991 nequam·

301 2033 357 2097 que
381 2017 435 2091 sis,
458 2012 512 2076 ubi
537 2013 570 2075 in
597 2011 692 2076 libris
715 2033 789 2076 esse
818 2011 972 2096 dependis
1001 2018 1033 2074 et
1057 2011 1237 2097 propendis
1273 2010 1431 2073 adnotant

300 2112 458 2178 Goetzius
482 2121 515 2178 et
536 2114 692 2179 Loewius
716 2113 812 2200 (edit.
835 2114 995 2180 Ritschel.
1020 2116 1037 2179 Ι
1059 2114 1356 2200 4Lipsiae1881).
1391 2113 1429 2176 Id

300 2217 411 2281 obstat
433 2216 520 2302 quod
537 2219 708 2304 propende
732 2216 813 2281 alibi
833 2239 896 2280 riou
921 2226 1087 2304 repertum
1112 2226 1162 2282 ost
1178 2240 1216 2282 ao
1232 2239 1271 2280 ne
1287 2216 1345 2280 illo
1361 2217 1430 2299 qui-

299 2319 371 2383 dem
395 2319 468 2384 loeo
493 2319 647 2384 Plautino
671 2320 853 2402 transitive,
876 2329 912 2385 ut
939 2322 1040 2402 aiunt,
1063 2321 1206 2406 ponitur.
1251 2317 1336 2382 Utut
1351 2323 1430 2382 haee

299 2445 351 2488 res
387 2446 421 2487 se
455 2423 562 2504 habet,
585 2423 765 2488 deteriores
801 2433 877 2487 sunt
905 2424 1043 2488 aliorum
1078 2424 1227 2488 codicum
1262 2422 1429 2488 lectiones.

298 2527 385 2591 Nam
419 2528 453 2591 in
475 2527 508 2593 V
531 2534 564 2592 ot
586 2525 620 2591 U
643 2527 808 2613 posterius
832 2527 975 2608 verbum,
998 2529 1032 2591 in
1061 2527 1129 2592 ΒΖ
1163 2528 1345 2613 dependunt
1370 2528 1431 2592 tibi

298 2631 472 2712 omittitur,
495 2631 529 2694 in
551 2629 586 2695 H
608 2638 788 2716 utrumque,
812 2631 871 2696 sed
894 2633 1101 2719 perpendunt
1130 2653 1188 2696 suo
1212 2631 1286 2696 loco
1309 2654 1430 2717 ponen-

297 2733 373 2798 dum
409 2735 442 2798 in
476 2734 623 2820 margine
652 2733 866 2821 significatur.
911 2735 951 2800 In
974 2735 1010 2800 X
1032 2744 1066 2800 et
1087 2735 1120 2800 Y
1153 2737 1336 2822 dependunt
1370 2736 1430 2799 tibi

297 2860 362 2902 non
387 2859 447 2902 suo
471 2837 545 2902 loeo
568 2837 713 2923 ponitur,
737 2837 796 2902 sed
824 2838 991 2923 posterius
1014 2839 1062 2902 sic
1086 2838 1255 2904 scribitur:
1283 2842 1431 2923 qratiam

297 2941 361 3005 tibi
380 2941 594 3027 perpendunt,
617 2940 651 3004 in
676 2941 841 3024 sequentis
865 2949 971 3005 autem
995 2963 1108 3006 versus
1131 2942 1226 3006 initio
1248 2943 1429 3026 dependunt

297 3044 442 3124 additur3
471 3044 559 3128 quod
583 3045 771 3108 festinantis
800 3044 929 3108 videtur
957 3067 1029 3110 esse
1063 3046 1199 3127 librarii,
1233 3047 1288 3130 qui
1312 3046 1430 3110 alteru-

296 3157 381 3211 trum
404 3148 438 3210 in
460 3169 537 3228 nne,
559 3155 729 3230 utrumque
758 3148 791 3210 iu
820 3148 886 3211 alio
909 3148 1084 3235 exemplari
1108 3157 1307 3236 reppererat.
1351 3149 1430 3214 Edi-

295 3260 383 3316 tores
407 3272 489 3334 quos
513 3250 655 3336 cognovi
678 3273 790 3315 omnes
815 3251 903 3316 nulla
921 3261 1171 3318 commemorata
1188 3253 1344 3317 librorum
1362 3253 1429 3318 dis-

295 3353 465 3438 crepantia
488 3353 519 3418 V
543 3360 575 3418 et
598 3351 631 3417 U
654 3352 805 3418 codicum
828 3354 1000 3420 lectionem
1023 3365 1265 3442 expresserunt.

397 3661 460 3751 Ep.
484 3663 561 3730 118
586 3663 692 3752 (220).
738 3664 974 3730 Maestissimus
1005 3667 1082 3730 bueo
1105 3667 1167 3731 tibi
1190 3672 1315 3732 nuntio.
1360 3670 1428 3734 De-

295 3769 415 3835 cessit
438 3767 555 3834 nudiuo
579 3771 696 3832 tertius
718 3791 782 3832 uon
806 3769 922 3856 absque
944 3772 1072 3834 iustitio
1095 3783 1247 3834 matrona
1267 3769 1428 3835 Pbilima-

294 3876 343 3938 tia
365 3874 534 3958 neoripera
557 3874 682 3949 ooniun,
706 3873 839 3936 demina
863 3875 1006 3950 alemena,
1024 3875 1117 3936 utitis
1135 3887 1249 3952 motor,
1262 3877 1324 3958 pia
1338 3875 1425 3957 fitia,

295 3979 347 4041 oui
368 3974 515 4041 debuerit
537 3973 626 4038 domi
638 3975 790 4062 forisque
809 3995 952 4059 persona
974 3978 1082 4038 minor
1105 3976 1296 4061 obsequium,
1319 3981 1427 4042 maior

294 4079 444 4167 officium,
464 4079 611 4162 aequalis
638 4079 794 4167 affectum.

284 4225 286 4231 ,
397 4180 460 4246 tib.
505 4179 640 4246 Deoedit
661 4181 695 4244 in
717 4181 751 4246 A
773 4181 845 4245 solo
869 4189 933 4263 est,
952 4182 1088 4246 deeeesit
1109 4181 1144 4246 iu
1166 4181 1200 4246 H
1212 4181 1243 4248 R
1255 4183 1281 4246 Z
1294 4183 1326 4248 V
1338 4185 1425 4250 LX.

294 4284 382 4350 Illud
395 4283 422 4348 si
438 4282 576 4368 scripsit
591 4278 760 4365 Sidonius,
773 4284 860 4368 quod
876 4285 974 4350 facile
990 4284 1249 4368 crediderim,vix
1263 4287 1426 4375 integrum
