3186 4900
1230 243 1269 305 55

185 431 239 494 ni0
265 430 424 516 seriptum
449 436 611 516 putemus,
634 429 826 515 praesertim
849 452 922 494 uum
944 452 982 494 ex
1012 455 1060 512 ea,
1083 453 1165 515 <luae
1190 431 1314 517 optima

185 533 335 600 sodidum
359 533 554 598 alletoritate
577 532 702 614 nititur,
726 532 866 598 lectione
892 545 1065 618 praeterea
1093 538 1197 620 ipsum
1218 559 1315 621 prae-

185 640 285 720 dium,
308 661 371 722 quo
396 636 492 701 mado
521 644 647 702 ceterae
675 657 787 702 ornnes
817 636 973 702 lectiones
998 639 1314 720 ortaesint,01uni-

184 741 247 806 bus
270 749 437 828 appareat.
481 740 534 806 Au
557 763 596 804 ne
618 738 686 803 ulla
708 747 810 806 restet
831 739 1004 822 dubitatio,
1026 741 1113 825 quod
1137 754 1203 806 tum
1227 749 1315 807 ante-

186 843 321 909 cedente
348 853 523 930 praeteeea
556 865 831 930 srumrvmaueuns
865 843 1023 926 videatur,
1052 844 1224 910 Terentius
1252 844 1316 909 ele-

185 949 399 1034 gantissimus
433 947 591 1013 cotidiani
621 947 780 1012 sermonis
815 956 930 1013 auctor
968 949 1013 1012 Itu
1052 948 1136 1013 dixit
1168 948 1232 1012 Ad.
1257 949 1314 1013 ΙΙΙ

187 1056 217 1134 2,
240 1054 280 1116 47
306 1053 397 1140 (345)
416 1055 563 1137 primum
585 1053 784 1129 indotatast3
819 1063 894 1116 tum
922 1066 1142 1138 praeterea,
1167 1073 1245 1137 quae
1269 1075 1314 1117 se·

188 1156 291 1220 sunda
315 1159 345 1219 ei
378 1156 434 1219 dos
468 1167 548 1233 seat,
570 1158 673 1241 periit
697 1155 809 1241 (paulo
843 1162 921 1242 post
948 1167 1112 1240 postremo
1143 1156 1313 1240 sequitur).

187 1260 232 1324 Et
256 1271 332 1324 tum
353 1271 571 1346 praeterea
603 1259 854 1343 embammatum
881 1259 980 1345 paulo
1009 1267 1084 1325 ante
1107 1259 1195 1346 apud
1218 1256 1314 1324 Sido-

187 1363 274 1426 nium
299 1384 349 1448 ep.
379 1363 417 1427 II
452 1364 490 1425 12
516 1364 608 1448 (227)
643 1361 771 1448 iegitur.
816 1361 919 1427 Reate
953 1356 1193 1443 Chatelainius,
1226 1362 1314 1447 quod

188 1488 253 1530 non
286 1469 391 1545 uinea,
415 1465 472 1530 sed
489 1467 665 1552 praedium
694 1472 867 1550 prematur,
891 1465 1024 1529 eandem
1057 1490 1153 1551 quam
1176 1488 1238 1553 ego
1261 1465 1315 1528 de-

93 1646 97 1658 .
189 1568 295 1633 fendit
316 1569 498 1634 lectionem.
543 1566 695 1633 tetidem
719 1566 758 1631 de
782 1567 931 1632 uodieum
964 1592 1092 1654 quoque
1120 1569 1315 1634 dissentien-

189 1672 268 1737 tium
292 1672 488 1737 anatoritate
511 1673 617 1737 tauers
640 1670 768 1735 videtur
791 1669 955 1736 iudicium.

650 1849 853 1858 -———-—

291 1982 354 2067 Ep.
379 1981 477 2046 1112
502 1985 602 2067 (257).
649 1985 781 2049 Salutat
810 1994 838 2046 te
860 1984 1000 2068 popualus
1026 1985 1202 2060 Arvernus,
1227 1985 1315 2046 euius

183 2107 293 2170 patrea
317 2087 451 2171 tuqueia
474 2109 610 2173 maynus
634 2088 744 2173 hospes
767 2089 910 2172 implesti
926 2108 990 2147 nen
1014 2086 1249 2150 ambitiosus
1268 2109 1316 2149 aa·

189 2193 318 2271 mitatu,
352 2190 406 2253 sed
437 2189 623 2254 ambiendus
653 2193 776 2278 affeetu.
824 2190 909 2254 Deus
939 2191 1027 2270 bone,
1056 2190 1138 2276 quod
1161 2189 1317 2274 nandium

181 2294 254 2378 fuit
278 2293 462 2372 laboriosis,
487 2315 556 2358 aum
580 2305 613 2356 tu
637 2307 780 2360 satiatum
810 2294 926 2378 pedem
960 2294 1126 2358 semirutis
1153 2293 1317 2358 maenibus

189 2398 344 2479 intulisti,
368 2419 462 2482 quam
485 2411 520 2463 tu
543 2399 582 2461 ab
607 2404 694 2462 omne¹
717 2399 831 2463 ordine
855 2419 930 2463 seau
954 2408 1057 2462 aetate
1086 2400 1318 2483 stipatissimus

191 2501 390 2579 ambiebare·
424 2525 502 2590 quae
537 2506 616 2567 salsi
650 2525 729 2589 erqa
752 2502 895 2588 sinquios
919 2503 1006 2566 libra
1029 2505 1201 2578 sermasia·
1225 2523 1319 2588 quium

193 2617 220 2668 te
244 2606 397 2670 blandum
418 2610 524 2692 pueri,
548 2628 664 2672 comem
686 2610 823 2686 issuenes,
838 2628 972 2692 yrauem
989 2629 1076 2670 senes
1093 2605 1317 2672 metiebantur.

296 2708 358 2774 188.
381 2707 581 2775 Ambitiosus
593 2733 630 2774 ex
645 2710 686 2790 A,
700 2710 732 2773 in
756 2733 820 2793 quo
845 2716 951 2773 tamen
969 2709 1061 2794 prius
1075 2709 1234 2794 seriptum
1247 2709 1319 2789 fuit,

191 2814 225 2876 ni
255 2812 361 2894 fallor,
382 2815 532 2895 uitiosus,
555 2814 589 2878 H
601 2812 632 2878 R
645 2813 670 2876 Z
684 2813 714 2878 V
727 2812 762 2876 X
775 2813 807 2876 Y
834 2812 1043 2877 scribendum
1066 2811 1229 2893 existima,
1252 2833 1318 2874 non

192 2917 340 2995 ambitus,
364 2915 451 3001 quod
474 2939 511 2981 ex
538 2915 568 2981 U
592 2940 611 2980 a
632 2917 747 2981 Manio
766 2915 964 2998 adnotatum,
981 2916 1014 2979 in
1037 2915 1071 2980 H
1096 2915 1199 3001 prima
1222 2937 1318 2978 manu

192 3019 337 3084 additum
360 3045 378 3083 u
400 3017 575 3084 Sirmondo
592 3021 722 3108 Mignio
745 3020 867 3085 Bareto
886 3027 1052 3105 receptum
1074 3026 1133 3083 est.
1168 3017 1318 3082 Ambitus

193 3127 386 3188 uentitatu
420 3124 448 3188 si
481 3123 559 3210 quid
588 3131 648 3206 est,
676 3148 741 3190 non
770 3131 844 3210 apte
874 3123 1053 3210 opponitur
1076 3122 1142 3186 illis
1165 3144 1320 3207 quaesse·

192 3234 334 3310 sariuntur
357 3228 542 3293 ambiendus
567 3229 729 3315 affeetu,
754 3229 948 3314 praesertim
967 3251 1040 3292 eum
1058 3227 1098 3291 de
1115 3225 1319 3314 ingrediente

192 3331 304 3396 urbem
328 3338 453 3417 agatur.
487 3332 533 3396 Et
556 3328 713 3396 Sidonius
738 3352 772 3396 se
795 3333 876 3419 ipse,
900 3340 936 3396 ut
959 3331 1120 3396 interdum
1137 3330 1231 3412 solet,
1250 3330 1320 3394 imi-

194 3441 282 3499 tatus
315 3458 366 3520 ep.
391 3434 503 3499 vlle
532 3436 564 3499 in
600 3436 751 3501 eontione
786 3437 878 3523 (370)
911 3441 1047 3502 ntauime
1082 3436 1319 3515 ambiendus,

193 3541 270 3624 quia
292 3540 424 3602 minime
460 3540 695 3603 ambitiosus
722 3539 814 3603 dixit.
862 3535 987 3604 Similis
1010 3547 1061 3605 est
1084 3539 1245 3604 sententia
1267 3560 1318 3624 ep.

193 3641 265 3706 VII
296 3644 332 3704 17
369 3665 466 3706 saun.
490 3643 584 3728 (393)
608 3647 763 3728 repetesis
787 3645 909 3708 eunetis
933 3665 988 3708 nea
1012 3656 1040 3706 te
1070 3646 1158 3728 sapit
1181 3641 1320 3706 ambitus

193 3748 287 3812 attius.
333 3740 576 3811 Conferendurn
611 3747 708 3810 etiam
743 3746 823 3810 illud
851 3769 902 3832 ep.
926 3746 1018 3811 VIII
1041 3746 1060 3808 3
1085 3746 1193 3832 (417):
1217 3768 1236 3807 a
1271 3745 1321 3808 di-

194 3850 317 3922 uitibus,
338 3852 496 3916 ambitum
518 3873 573 3916 nea
595 3852 732 3916 diuitias
755 3850 954 3915 ambientem.

297 4162 361 4247 Ep.
387 4161 443 4226 III
467 4162 486 4225 3
511 4163 612 4245 (259).
655 4161 785 4225 Interea
810 4170 844 4223 tn
867 4163 965 4223 caesis
982 4158 1154 4243 quibusque
1177 4161 1321 4244 optimis,

194 4288 270 4354 ques
295 4267 484 4332 saevissimos
509 4267 660 4354 uqmini
682 4287 757 4329 ison
781 4267 956 4352 iqrtasuia,
986 4263 1244 4331 redundatia
1269 4263 1321 4353 fe·
