3186 4900
324 263 366 326 90

282 452 397 530 adulti‚
410 475 505 538 qeoam
522 452 688 538 stipitibus
700 455 814 516 altatis
831 452 1091 539 cancellatimque
1099 451 1312 537 pendentibus
1318 474 1412 537 pam·

276 559 376 641 pinus
393 556 586 642 superducta
606 565 750 620 teaaerat
767 562 800 619 et
810 555 901 641 (318)
915 577 1003 642 erpo,
1020 565 1056 619 ut
1072 556 1258 635 resedimus,
1273 567 1302 620 et
1319 555 1412 620 illum

281 658 372 744 (ludo
396 658 583 744 fatigatum)
606 680 678 722 moa
701 681 817 746 aquam
844 659 1029 744 adfaciem
1047 669 1157 744 petere
1180 659 1280 724 sudor
1303 659 1412 724 admo-

280 764 363 842 nuit,
386 763 531 828 ecbibita
548 765 699 847 poscenti
719 776 776 841 est,
796 765 928 848 pariter
945 775 975 826 et
994 764 1128 828 linteam
1144 765 1235 828 uillis
1252 773 1411 842 onustam,

281 867 364 952 qaod
381 866 545 952 pridiana
566 886 698 951 squama
715 868 858 951 politum
881 886 956 930 casu
978 866 1034 930 sab
1057 869 1140 951 ipsis
1163 867 1327 932 aediculae
1343 868 1412 932 oal-

280 973 329 1035 ois
353 970 571 1054 bipatentibus
593 971 632 1034 de
654 970 811 1033 ianitoris
844 979 950 1033 erecto
986 969 1192 1034 trochleatim
1211 973 1294 1053 fane
1316 981 1411 1034 nata-

280 1075 346 1154 bat,
370 1096 407 1137 ea
429 1095 555 1157 quaque
579 1073 683 1159 magis
706 1073 853 1159 hospitio
872 1095 967 1157 quam
984 1081 1192 1138 monumento
1213 1073 1411 1140 hereditario

281 1176 489 1242 conveniunt.
525 1173 631 1257 Quam
655 1175 696 1240 ab
720 1198 787 1242 rem
810 1175 960 1261 equidem
983 1177 1083 1241 semel
1101 1176 1224 1242 dictum
1241 1177 1324 1242 illud
1341 1200 1411 1242 ver·

280 1279 355 1344 bum
380 1280 623 1344 conductoriam
646 1279 708 1344 hoo
732 1280 805 1344 loeo
826 1301 947 1365 ponere
964 1301 1029 1343 uon
1047 1279 1273 1345 dubitaverim.
1308 1279 1412 1344 Error

279 1382 486 1448 librariorum
509 1390 604 1446 natus
628 1381 756 1447 videtur
779 1404 818 1446 ex
841 1380 1129 1447 antecedentibus:
1165 1404 1411 1448 conveneramus

280 1488 323 1552 od
345 1490 450 1551 sancti
477 1487 563 1552 lusti
590 1487 780 1572 sepulcrum,
814 1487 869 1550 sed
897 1485 959 1550 tibi
982 1485 1158 1569 infirmitas
1182 1486 1411 1572 impedimento

280 1613 318 1655 ne
344 1604 418 1656 tanc
440 1591 584 1656 adesses:
604 1592 767 1675 processio
782 1591 901 1678 fuerat
924 1591 1118 1655 antelucana
1140 1597 1173 1654 ct
1194 1613 1224 1675 q.
1249 1612 1276 1655 s.

382 1849 446 1935 Ep.
463 1849 495 1914 V
521 1851 559 1913 18
584 1850 684 1936 (319).
719 1846 904 1912 Haeduae
929 1850 1061 1913 ciuitati
1083 1860 1112 1914 te
1130 1850 1321 1935 praesidere
1344 1871 1411 1914 coe-

277 1956 363 2038 pisse
388 1952 489 2016 libens
513 1963 606 2039 atque
630 1974 699 2016 cam
721 1952 842 2038 paudio
869 1953 987 2037 accepi.
1029 1953 1302 2018 Laetitiaecausa
1324 1976 1410 2039 qua·

280 2057 507 2142 dripertita
530 2066 595 2120 est:
613 2057 726 2141 prima
750 2056 833 2142 quod
849 2058 980 2136 amicas,
994 2057 1130 2120 recaredo
1148 2057 1232 2141 quod
1248 2059 1351 2121 iustus
1369 2078 1412 2138 es,

281 2161 381 2221 tertia
404 2157 488 2244 qaod
510 2179 647 2238 severas,
676 2170 795 2245 quarta
817 2158 901 2245 quod
917 2161 1099 2245 promimus.
1145 2160 1215 2240 Quo
1230 2161 1273 2242 fit
1296 2172 1332 2223 ut
1354 2184 1411 2224 no·

280 2263 359 2326 stris
386 2271 632 2348 nostrorumque
666 2261 884 2326 contractibus
909 2263 1080 2348 primam
1102 2265 1181 2328 aclis
1204 2264 1317 2328 debeas
1334 2286 1412 2350 pos-

280 2367 324 2429 sis
348 2365 517 2450 opitulari.

382 2466 447 2531 311.
503 2465 656 2531 Haeduae
695 2488 735 2530 ex
769 2467 891 2534 AHV
932 2468 1139 2534 scribendum
1178 2470 1306 2554 censui,
1344 2493 1411 2535 non

280 2569 420 2636 Aeduae.

381 2672 446 2738 313.
479 2673 733 2760 Quadripertita
745 2674 875 2761 scripsi,
888 2697 954 2740 non
972 2676 1239 2763 quadripartita·
1257 2700 1412 2764 compen·

281 2775 336 2841 dio
360 2776 453 2841 vocis
473 2798 534 2862 per
557 2775 591 2839 in
612 2776 645 2840 A
657 2775 692 2841 H
704 2776 736 2841 V
759 2800 797 2842 ea
819 2777 859 2842 de
881 2800 945 2862 qua
967 2779 1076 2865 agitur
1097 2779 1225 2866 syllaba
1247 2780 1412 2846 scribitur.

381 2880 446 2945 313.
491 2879 643 2944 Primam
665 2903 702 2945 ex
726 2879 849 2945 AHV
869 2881 1077 2947 scribendum
1100 2882 1238 2965 videtur,
1256 2906 1321 2948 nou
1333 2887 1408 2970 plu·

280 2986 409 3066 rimam,
436 2983 524 3070 quad
551 2984 663 3050 nescio
687 2983 772 3048 unde
796 2994 960 3072 sumptum
982 2994 1175 3074 receperunt
1196 2985 1408 3054 Wouwerius

280 3084 474 3152 Sirmondus
497 3087 646 3175 Mignius
670 3086 821 3153 Baretus.

382 3345 445 3432 Ep.
470 3345 501 3410 V
525 3347 567 3408 20
591 3346 694 3431 (311).
732 3344 836 3430 thue
864 3346 1040 3410 uideantur
1068 3350 1104 3410 in
1126 3353 1251 3434 nepotii
1274 3371 1409 3415 commu-

278 3455 330 3516 nis
353 3451 531 3514 assertione
555 3449 672 3533 lepori,
695 3453 885 3512 evectionem
907 3450 1082 3536 refundunt
1101 3454 1248 3537 ipsosque
1265 3465 1409 3539 sumptas

277 3557 366 3620 altro
401 3562 553 3617 recusant
586 3561 617 3614 et
650 3550 689 3614 ab
725 3551 849 3616 ambita
877 3553 959 3616 clam
987 3565 1108 3639 repant
1131 3555 1286 3642 sinpulos,
1308 3568 1344 3621 at
1367 3559 1407 3622 ab

279 3657 425 3722 omnibus
454 3657 570 3741 polam
595 3667 763 3740 ropentnr.
809 3653 866 3720 Sic
888 3677 1019 3743 quoque,
1042 3679 1111 3722 cum
1124 3659 1290 3745 fatipatio
1314 3664 1409 3726 illo-

279 3787 360 3828 ram
382 3762 534 3847 pratuita
551 3763 658 3845 possit
681 3760 818 3824 libenter
841 3761 985 3844 admitti,
1009 3763 1160 3828 libentius
1184 3776 1290 3830 tamen
1313 3778 1408 3852 atque

278 3868 452 3932 amabilius
485 3865 659 3928 verecundi
693 3866 842 3950 loquatur
864 3865 959 3952 idque
983 3887 1052 3930 cam
1073 3888 1219 3951 repensa.
1268 3867 1408 3935 Tantum

277 3971 481 4056 impudentia
514 3988 578 4031 sese
610 3972 815 4051 inportatam
842 3969 1001 4053 ponderis
1035 3969 1139 4052 babet,
1173 3974 1271 4036 etiam
1300 3975 1408 4058 fasci

280 4097 359 4141 oum
382 4071 561 4136 tributario
585 4073 711 4135 nomine
733 4075 880 4154 ipsormn
901 4075 952 4137 nil
973 4074 1229 4159 superfunditur.

380 4176 444 4241 311.
488 4173 626 4240 llloram
643 4175 676 4238 in
694 4176 726 4239 A
738 4176 771 4239 H
784 4175 814 4240 R
826 4175 852 4238 Z
866 4177 896 4241 V
907 4174 940 4240 U
958 4177 1129 4258 omittitur,
1148 4179 1224 4242 ilem
1247 4181 1280 4242 iu
1305 4177 1408 4244 Sava-

278 4281 369 4347 ronis
387 4277 688 4364 Elmenhorstiique
710 4277 921 4361 editionibus,
939 4305 958 4344 a
971 4277 1163 4346 Wouwerio
1187 4283 1280 4347 erneis
1303 4284 1408 4350 inclu-
