3186 4900
1187 273 1247 340 107

163 472 270 529 tamen
293 464 323 530 is
345 465 479 550 recepit,
502 463 587 528 idem
612 460 806 529 Sirmondus
829 463 979 550 Mignius
1001 463 1152 528 Baretus.
1190 463 1291 547 Equi·

164 566 236 631 dem
264 566 327 632 hoc
349 567 405 630 vix
427 565 622 632 crediderim
644 567 750 632 rarius
773 567 852 652 poni
876 589 894 630 a
918 562 1058 630 Sidonio
1081 569 1176 649 quain
1198 565 1291 630 illud.

163 670 209 734 Et
234 670 333 756 paulo
361 677 439 755 post
466 669 501 733 in
523 691 575 755 ep.
598 669 690 734 VIII
715 670 752 733 16
776 671 870 756 (435)
893 669 1046 734 librarius
1069 668 1217 755 repperit
1239 669 1291 732 sed

164 785 371 838 reserventur
394 775 460 837 ista
480 773 727 858 potioribus,
750 771 806 836 ubi
824 793 901 836 sane
918 770 1030 836 eadem
1047 779 1098 836 est
1116 779 1211 856 atque
1231 771 1293 834 hoo

165 876 239 940 loco
264 877 333 940 eius
356 875 448 940 verbi
472 875 683 962 significatio.
718 870 784 940 Sed
808 884 916 939 utrum
939 874 1120 940 alibrariis
1138 897 1197 960 pro
1216 895 1293 937 vero

165 980 310 1066 positum
332 979 513 1066 putandum
531 979 576 1044 sit
591 1001 664 1044 cum
686 979 819 1044 dubium
842 978 1000 1060 videatur,
1023 978 1111 1042 nulla
1128 987 1180 1043 est
1196 999 1295 1042 causa

166 1102 221 1146 cur
243 1085 356 1168 potior
379 1079 474 1146 alteri
497 1081 632 1146 lectioni
656 1089 904 1169 anteponamus

269 1187 333 1252 tlt.
369 1187 514 1274 Lyriates
536 1185 628 1251 verbi
651 1184 798 1252 ultimam
822 1186 980 1272 syllabam
1003 1193 1188 1271 correptam
1209 1192 1296 1248 recto

167 1288 313 1354 defendit
341 1285 555 1368 Sirmondus3
589 1312 653 1353 non
681 1289 784 1375 igitur
807 1288 987 1353 audiendus
1010 1296 1062 1354 est
1082 1287 1297 1367 Munckerus⁷

166 1394 222 1476 qui
251 1393 285 1456 in
313 1393 525 1458 adnotatione
559 1392 600 1457 ad
628 1392 753 1478 Hygin.
782 1393 846 1456 l'ab.
876 1393 938 1459 223
973 1391 1035 1478 (ed.
1059 1391 1295 1456 Amstelodam.

168 1519 198 1558 a.
224 1497 302 1560 1681
329 1497 504 1582 pagense)
530 1497 698 1582 lyristes
720 1495 873 1581 primitus
891 1502 1058 1559 exaratum
1075 1494 1177 1558 faisse
1193 1500 1298 1578 putat,

169 1599 256 1662 sicut
283 1599 427 1684 Euterpe
458 1600 622 1682 Katenneis,
648 1600 710 1662 luis
732 1621 792 1684 pro
817 1601 894 1681 lues,
917 1596 1073 1661 Iohannis
1096 1618 1156 1682 pro
1181 1596 1298 1661 lolian-

167 1723 223 1765 nes
246 1700 382 1780 dicatur.

276 2010 339 2096 Ep.
358 2010 450 2075 VIII
475 2009 513 2073 14
536 2011 638 2095 (412).
673 2008 805 2090 Quoties
827 2010 1034 2074 hortantibus
1056 2008 1145 2074 uobis
1166 2012 1204 2073 in
1226 2028 1300 2093 quo-

177 2135 306 2198 cumque
340 2126 524 2199 compuncto
559 2115 667 2197 culpas
702 2136 775 2178 suas
803 2117 913 2176 anima
933 2115 1167 2198 poenaliter
1194 2132 1301 2176 recor-

176 2217 430 2302 interueniret,
455 2221 526 2302 quis
548 2239 604 2281 aas
632 2217 778 2303 ambient
798 2219 902 2302 paria
931 2227 1095 2282 turturum
1123 2227 1179 2282 aut
1212 2216 1302 2280 binos

171 2321 280 2404 pullos
304 2320 532 2400 columbarum,
563 2322 620 2406 qui
641 2321 800 2405 duplicem
823 2321 1037 2385 substantiam
1059 2323 1226 2406 utriusque
1250 2321 1303 2384 lao-

175 2425 274 2488 minis
297 2426 405 2486 nostri
434 2435 500 2487 tam
528 2443 660 2486 numero
688 2446 784 2508 quam
806 2427 928 2510 qemitu
962 2428 1141 2510 assiqnant,
1170 2427 1303 2512 mystico

177 2529 289 2592 litasse
314 2527 495 2610 sacrificio?
538 2526 671 2608 Quoties
693 2539 799 2592 aestro
822 2530 948 2593 monitu
970 2529 1096 2593 obesum
1119 2530 1304 2616 quicumque

178 2651 293 2716 eorpus
310 2641 566 2714 aestuantemque
585 2631 714 2714 tutundi
729 2635 852 2694 uentris
870 2635 1020 2696 aruinam
1038 2632 1150 2696 erebro
1167 2634 1305 2696 ieiunio-

179 2755 252 2798 rum
281 2734 499 2819 decoquendus
527 2736 602 2819 iane
633 2737 802 2813 terruerit,
825 2736 911 2798 nulli
932 2734 1064 2798 dubium
1087 2746 1133 2799 est
1155 2757 1211 2798 aes
1233 2747 1307 2800 tunc

177 2839 318 2900 similam
345 2837 515 2924 frictam
547 2841 584 2899 in
612 2837 750 2922 quadam
784 2839 1000 2902 continentiae
1035 2842 1202 2924 sartaaine
1236 2859 1308 2902 eon-

176 2949 369 3003 sacraturus.

281 3042 345 3108 tlt.
390 3043 581 3107 Poenuliter
615 3064 655 3107 ex
683 3044 715 3107 A
738 3050 771 3107 et
794 3041 825 3106 U
850 3041 1056 3108 scribendum
1084 3052 1145 3126 est,
1173 3067 1238 3108 non
1262 3047 1307 3110 la·

180 3148 373 3228 arietantur,
396 3145 482 3232 quod
506 3145 539 3208 in
563 3144 677 3210 HRZ
700 3152 733 3209 et
755 3145 859 3210 tribus
876 3143 1060 3211 Wouwerii
1083 3145 1177 3212 libris
1200 3171 1309 3236 reper-

181 3258 249 3313 tum
284 3245 409 3313 Savaro
444 3249 578 3335 recepit.
625 3245 838 3314 Scribendum
867 3249 931 3312 fait
957 3252 1222 3333 lacrimabiliter,
1251 3251 1307 3316 sed

181 3353 232 3416 cfr
243 3377 294 3438 ep.
308 3352 392 3417 IX3
407 3353 500 3438 (454)
515 3355 657 3417 animam
668 3355 750 3418 male
770 3353 835 3417 sibi
851 3356 1011 3418 consciam
1028 3366 1058 3418 et
1072 3376 1132 3441 per
1151 3355 1248 3420 torus
1266 3356 1309 3418 ad

181 3456 401 3520 recordata
428 3457 609 3543 poenalis
643 3459 749 3520 uitae
777 3455 913 3520 debita
938 3461 1308 3523 contremiscentem.

285 3557 349 3623 til.
393 3555 542 3621 Frietam
565 3579 602 3622 ex
621 3557 654 3622 A
671 3565 704 3621 et
723 3559 759 3623 H
783 3559 919 3645 scripsi3
942 3560 975 3622 in
1000 3561 1061 3624 hoc
1085 3561 1191 3645 prima
1213 3584 1309 3625 manu

182 3661 274 3724 varia
302 3661 401 3726 lectio
436 3660 689 3746 superscribitur
707 3662 849 3748 frisam,
872 3663 960 3745 quod
984 3686 1000 3726 a
1024 3661 1216 3727 Wouwerio
1241 3659 1311 3727 Sir-

184 3762 304 3827 mondo
328 3763 458 3850 Mignio
481 3763 603 3828 Bareto
627 3771 792 3848 receptum
815 3772 875 3828 est.

646 3992 850 4001 ..ψ-

289 4179 352 4267 Ep.
376 4178 431 4247 IX
457 4183 469 4246 l
496 4179 596 4267 (438).
636 4176 704 4246 Nos
726 4201 802 4246 aero
826 4183 855 4246 si
877 4180 960 4267 quaed
982 4184 1145 4269 euemplar
1165 4182 1313 4249 manibus

189 4287 369 4350 occurrerit
405 4285 484 4350 libri
516 4285 721 4370 marainibus
754 4289 860 4360 oetaui
889 4289 1038 4351 celeriter
1065 4288 1232 4373 addemus,
1254 4294 1316 4352 etsi
