3186 4900
331 253 373 320 50

390 446 452 511 111.
475 443 793 530 Βενιαιονίωημμιοά
816 445 850 509 in
873 443 1023 510 erunibus
1046 459 1079 510 et
1101 445 1270 512 codicibus
1294 456 1324 511 et
1347 446 1415 512 edi-

287 549 432 614 tionibus
461 552 618 635 scriptum
643 549 780 629 videtur,
804 546 929 614 Severo
962 549 1140 614 defendens
1176 551 1256 614 solis
1285 547 1414 614 Sidonii

286 653 395 717 verbis
430 653 539 717 allatis
564 651 643 717 nihil
668 651 756 716 aliud
780 653 891 734 efficit,
916 653 978 716 uisi
1008 662 1044 716 ut
1071 654 1168 717 etiarn
1191 653 1265 738 pius
1289 652 1416 716 adferat

287 755 513 821 dubitationis.
575 757 741 843 Fertigius
780 757 813 820 in
853 757 1105 842 programma-tis
1140 757 1414 843 Virceburgeusis

287 884 362 946 pag.
397 863 437 924 22
472 864 634 924 seniorem
668 859 768 924 scribi
799 859 880 941 ruit,
907 859 1090 924 Isodoicurn
1128 854 1318 925 Ceduceurn
1356 855 1416 924 Sa·
1451 917 1454 922 .

287 986 366 1028 varo
390 963 471 1028 dicit
493 963 675 1027 coniecisse
692 966 903 1047 cenatorium,
921 962 1009 1048 quod
1031 962 1110 1028 inihi
1133 985 1262 1049 quoque
1277 963 1416 1050 primum

287 1066 408 1153 legenti
431 1067 465 1131 in
487 1075 625 1132 mentem
648 1068 747 1131 venit.
791 1067 904 1152 Magis
927 1066 1006 1131 mihi
1040 1075 1146 1131 tamen
1175 1067 1285 1152 placet
1307 1068 1417 1132 Solia·

287 1192 356 1234 rem
379 1172 421 1236 ad
444 1191 575 1252 errorem,
597 1170 639 1234 ad
662 1170 749 1254 quod
783 1170 988 1256 probandum
1022 1193 1094 1235 curn
1123 1170 1225 1234 mults
1254 1171 1318 1234 alia
1341 1192 1418 1233 con-

288 1274 365 1338 ferri
389 1274 530 1360 possint,
553 1297 650 1338 unuin
674 1274 755 1337 satis
780 1273 883 1338 babeo
905 1274 1090 1338 exscribere
1112 1274 1219 1339 locuni
1242 1268 1416 1339 Ciceronis

287 1378 358 1442 Att.
382 1378 414 1443 V
437 1379 468 1460 9,
493 1382 525 1442 1:
550 1401 619 1442 cum
641 1379 769 1464 quidem
792 1389 822 1441 et
847 1379 1007 1464 Corcyrae
1030 1390 1060 1442 et
1080 1378 1211 1465 Sybotis
1233 1379 1418 1443 munerebus

289 1486 363 1563 teis,
391 1503 470 1569 quoe
504 1495 534 1547 et
558 1485 666 1547 Areus
694 1494 725 1546 ee
751 1503 836 1546 meus
866 1486 986 1546 amices
1009 1481 1205 1568 Eutychides
1229 1486 1364 1569 opipare
1388 1493 1419 1544 et

288 1586 573 1673 φιλοπροςηνέστατα
606 1586 699 1651 nobis
723 1599 957 1670 conpesceraur,
982 1588 1106 1671 epulari
1127 1607 1261 1651 essemus
1290 1587 1418 1651 Salia-

289 1710 367 1753 rem
396 1695 438 1754 e'n
471 1691 631 1754 modum.
674 1687 838 1774 Apuleius
872 1711 1000 1773 quoque
1035 1692 1161 1755 solies
1200 1711 1297 1754 cenas
1320 1689 1418 1775 (Met.

290 1793 342 1856 IV
365 1794 417 1874 22,
443 1793 512 1874 152,
534 1793 590 1857 ubi
620 1794 739 1856 saliens
766 1800 800 1856 et
822 1795 890 1878 alys
913 1793 947 1855 iu
971 1792 1142 1858 codicibus
1164 1801 1294 1878 reperta
1318 1794 1417 1878 sunt),

290 1898 426 1982 epulas
457 1898 631 1960 saliares
650 1896 745 1978 (Met.
769 1895 840 1959 VII
866 1896 915 1975 10,
942 1896 1011 1975 192,
1033 1896 1090 1974 ubi
1114 1899 1199 1961 olias
1222 1917 1273 1960 res
1296 1896 1329 1960 in
1354 1919 1418 1959 uuo

291 1999 405 2063 codice
428 2001 503 2084 est),
528 2021 639 2062 cenas
663 1999 839 2063 saliares
863 1999 959 2081 (Met.
984 1997 1038 2062 IX
1061 2001 1113 2080 22,
1125 2001 1202 2083 227)
1227 2022 1419 2063 commemo-

291 2109 351 2164 rat.
386 2103 438 2166 De
461 2101 600 2187 prandio
624 2102 722 2166 etiarn
744 2102 963 2165 luxuriosiore
977 2097 1135 2166 Sidonius
1158 2125 1209 2188 ep.
1222 2103 1259 2167 Il
1274 2104 1313 2167 13
1326 2103 1419 2188 (231)

221 2287 224 2292 ¹
291 2205 343 2268 his
376 2205 485 2268 verbis
518 2205 713 2269 mentionem
746 2205 841 2268 facit:
876 2227 1003 2292 errorque
1029 2226 1193 2290 pransum
1219 2205 1420 2270 Sardana-

288 2331 338 2393 pe
348 2311 481 2374 ilicum
494 2307 541 2393 (id
559 2309 593 2371 iu
610 2307 720 2372 AHV
739 2317 799 2389 est,
812 2331 878 2372 non
890 2309 1204 2395 Sardanopeb'ceem)
1216 2315 1258 2372 e're
1281 2329 1420 2373 morem

289 2415 388 2498 panis
411 2414 750 2477 dareturebeonre'no
773 2423 875 2498 cepere
899 2413 1058 2492 confectus
1081 2421 1113 2477 et
1124 2435 1155 2498 q.
1169 2435 1194 2478 s.
1230 2409 1328 2494 Quod
1344 2435 1421 2477 con-

292 2517 354 2580 ieci
378 2517 418 2580 ab
441 2539 491 2598 eo,
513 2515 601 2600 quod
634 2517 667 2578 iu
702 2515 873 2580 codicibus
908 2517 1079 2602 reperitur,
1104 2539 1169 2581 uon
1192 2517 1289 2602 plane
1315 2518 1421 2581 diver-

294 2642 364 2684 sum
387 2629 447 2701 est,
470 2618 567 2683 modo
584 2642 642 2705 per
659 2619 917 2704 dittograpbisrn
934 2621 1241 2705 copiosesesob'arem
1262 2621 1420 2706 scripturn

293 2724 397 2788 i'uisse
420 2722 627 2787 concedatur.

397 2826 460 2890 111.
505 2825 746 2912 Paropse'de'bus
781 2848 842 2912 ego
876 2847 916 2890 ex
938 2827 979 2891 A'
995 2828 1123 2914 scripsi,
1148 2851 1214 2892 uon
1231 2829 1423 2914 paropsidi-

294 2929 361 3006 bus,
384 2930 471 2993 sicut
492 2928 651 3007 editores3
674 2930 707 2992 iu
731 2929 765 2994 H
789 2938 821 2993 et
848 2930 878 2995 V
900 2931 1132 3016 parabsidibus
1155 2931 1296 3017 repperi.

398 3033 461 3098 111.
510 3032 984 3116 Var·e'eber‚quodiuAHV
1008 3034 1250 3119 scriptumest,
1274 3057 1339 3097 nou
1373 3043 1424 3098 est

295 3135 560 3223 postponendum
584 3137 613 3198 ei
638 3135 784 3218 lectioni,
801 3159 896 3220 quarn
922 3132 1046 3200 Savnro
1070 3137 1334 3202 Elmeuhorstius
1354 3133 1424 3201 Sir·

293 3238 433 3304 mondus
462 3237 603 3303 Baretus
632 3241 743 3304 nescio
773 3239 857 3302 unde
892 3249 1054 3326 sumptam
1087 3249 1290 3327 receperunt,
1314 3245 1424 3306 varda-

295 3354 398 3406 retur.

399 3445 462 3510 118.
506 3443 757 3510 [restitueremur
780 3447 903 3512 omisso
933 3469 991 3532 que
1013 3448 1046 3511 A
1059 3447 1136 3514 HV
1160 3450 1319 3530 scribunt,
1341 3471 1424 3534 quos

296 3557 402 3613 tamen
427 3549 490 3612 boc
513 3548 587 3613 loco
613 3550 704 3633 sequi
728 3573 826 3614 ausus
844 3573 909 3614 non
929 3572 1009 3614 sum.
1039 3545 1124 3614 Corn
1138 3560 1325 3636 sequeretur
1337 3557 1424 3640 quie,

296 3653 393 3718 {boile
416 3675 473 3740 que
496 3653 690 3718 intercidere
712 3655 829 3739 potuit.
887 3653 1186 3742 instrueremurque
1212 3654 1424 3721 Wouwerius

297 3755 387 3820 solus
411 3756 554 3842 scripsit.

400 3861 463 3927 111.
508 3859 595 3941 Quia
618 3860 830 3926 Wouwerius
865 3862 985 3943 omisit,
1014 3861 1278 3926 Ebncnborstius
1314 3864 1424 3926 nescio

296 3989 361 4051 qua
383 3966 577 4030 auctoritate
598 3975 705 4031 rnotus
729 3967 760 4030 iu
786 3969 870 4031 lente
893 3967 1039 4030 mutavit.

402 4071 464 4136 111.
510 4069 647 4135 Orde'tus
680 4070 828 4155 quumvis
863 4093 928 4134 nou
956 4089 1092 4155 prorsus
1122 4078 1231 4134 careat
1258 4069 1426 4155 excrrrplirr‚

298 4173 412 4237 dubito
447 4197 522 4238 nuru
545 4197 564 4237 a
587 4170 727 4238 Sidonio
756 4175 800 4238 sit
832 4174 1016 4259 probatum,
1050 4175 1242 4259 praesertim
1266 4197 1339 4237 curn
1365 4174 1425 4236 boc

299 4277 373 4340 loco
397 4277 506 4362 aptius
530 4281 742 4342 ordinatos
766 4279 865 4341 scribi
891 4277 1049 4341 videntur.
