3172 4908
336 215 377 277 24

294 401 456 467 sententia
488 424 583 486 quam
617 401 808 466 Arvandum
842 402 1050 468 adversarios
1084 425 1161 468 suos
1191 411 1266 469 ante
1289 425 1418 468 causam

294 505 458 591 cognitam
493 505 676 590 puniendos
704 526 777 570 esse
796 505 939 587 dixisse,
972 506 1059 591 quod
1087 507 1141 570 vix
1175 507 1326 592 cuiquam
1348 529 1419 592 per·

294 607 431 672 suadere
452 614 613 693 potuerat.

396 728 442 792 ⁶8.
487 725 520 790 It
542 730 579 791 ia
602 731 836 792 tractatoriam
858 729 1046 794 dubitanter
1069 731 1200 817 scripsi,
1218 726 1420 795 sieutWou·

293 830 413 896 werius
448 830 712 896 Elmenhorstius
748 829 943 896 Sirmondus
978 833 1128 920 Mignius
1162 834 1314 914 Baretus,
1347 855 1420 895 nam

293 933 371 1018 quid
392 935 428 998 in
451 935 632 1021 archetypo
656 934 755 998 suerit
777 957 888 999 eorum
911 957 994 1020 quos
1018 935 1159 1023 cognovi
1183 935 1332 1000 codicum
1356 957 1420 997 non

294 1037 551 1102 diiudicaverim.
600 1035 811 1102 Troctotorio
842 1039 999 1125 scriptum
1033 1049 1084 1104 est
1116 1040 1149 1103 in
1183 1039 1226 1120 V,
1259 1039 1323 1102 fuit
1356 1037 1421 1101 for-

293 1147 382 1205 tasse
415 1141 512 1204 etiam
535 1141 568 1204 in
591 1142 623 1204 A
646 1149 679 1204 et
701 1141 745 1218 F3
778 1141 812 1204 in
835 1146 862 1205 r't
887 1141 985 1206 verbo
1019 1163 1134 1206 rasura
1167 1148 1218 1206 est
1244 1142 1277 1204 in
1304 1139 1420 1204 iisdem

295 1243 404 1321 libris3
428 1244 461 1306 in
484 1243 517 1308 V
540 1255 569 1310 ct
592 1244 734 1330 repperi,
747 1253 783 1307 ut
806 1244 850 1307 sit
872 1242 951 1309 haec
974 1245 1137 1309 sententia
1159 1256 1189 1308 et
1211 1248 1247 1307 in
1264 1255 1421 1308 tractato-

293 1350 345 1410 rio
371 1347 528 1434 frequens
556 1359 681 1411 renatas
701 1346 776 1435 fait
798 1385 837 1394 —
863 1347 926 1411 hoc
953 1349 1061 1433 ipsum
1082 1347 1169 1432 quod
1193 1347 1341 1410 ultimum
1363 1369 1421 1432 po-

295 1449 345 1514 sui
370 1450 501 1515 verbum
524 1449 710 1537 explicandi
734 1473 833 1514 causa
858 1451 891 1514 in
911 1451 1156 1538 Vadscriptum
1171 1458 1231 1515 est.
1271 1451 1421 1515 Praeter-

295 1574 333 1616 ea
355 1553 388 1616 in
408 1553 440 1618 A
463 1554 604 1618 omissae
634 1562 711 1618 sunt
738 1553 884 1641 syllabae
907 1558 944 1618 ic
972 1563 1005 1619 et
1039 1567 1083 1633 ta,
1107 1577 1243 1639 quarum
1276 1553 1334 1617 illa
1355 1553 1422 1638 pri·
1487 1555 1492 1564 '

295 1679 357 1736 rna,
381 1655 460 1721 haec
483 1656 627 1721 secunda
660 1679 756 1720 manu
789 1657 916 1722 videtur
946 1657 1058 1722 addita
1081 1680 1170 1736 esse3
1203 1657 1237 1721 in
1260 1657 1289 1721 F
1313 1668 1345 1720 to
1369 1679 1422 1720 su·

295 1759 514 1846 perscriptum
537 1767 597 1824 est.
633 1760 672 1824 In
696 1759 772 1825 HR
785 1760 810 1824 Z
822 1760 843 1824 b
867 1768 900 1824 ct
921 1759 953 1824 U
978 1761 1138 1846 scriptum
1160 1767 1212 1825 est
1232 1763 1260 1824 a't
1282 1763 1318 1823 in
1339 1771 1422 1822 trac-

274 1853 463 1928 tatorium.
507 1864 584 1929 Hoc
608 1864 692 1928 addo
716 1867 744 1928 it
767 1865 863 1929 etiam
887 1889 937 1950 ep.
961 1866 998 1930 ΙΙ
1022 1868 1041 1929 9
1066 1867 1160 1952 (225)
1183 1865 1216 1928 in
1243 1864 1422 1949 Vcorrup-

295 1976 363 2030 tum
386 1988 459 2030 esse
482 1967 570 2031 etin
594 1979 640 2031 cet
664 1975 831 2031 mutatum.

398 2087 443 2152 to.
488 2087 554 2151 Pro
589 2091 635 2152 ric
658 2085 869 2152 Wouwerius
899 2091 981 2153 sicot
1004 2088 1126 2174 posuit.
1162 2081 1261 2152 Ofrl
1285 2092 1303 2151 5
1326 2087 1421 2173 (183)

296 2192 353 2254 sic
374 2193 508 2275 accipio
532 2211 654 2254 nomen.

399 2294 443 2358 77.
488 2292 622 2358 Invidia
643 2293 677 2356 in
700 2293 732 2357 H
747 2292 777 2358 R
790 2293 849 2357 Zb
874 2293 980 2358 Paris.
999 2295 1081 2358 2782
1105 2293 1137 2357 Y
1161 2302 1350 2378 corruptum
1361 2301 1421 2373 est,

297 2397 454 2482 scriptum
487 2411 538 2462 est
565 2398 650 2462 enirn
673 2400 810 2478 iniuria,
839 2397 925 2462 idern
953 2421 992 2462 ex
1015 2420 1080 2461 uno
1102 2397 1187 2462 libro
1210 2395 1422 2462 Wouwerius

297 2500 442 2564 adnotat.

399 2605 445 2669 77.
490 2601 611 2670 Gronau
633 2629 694 2691 pro
717 2606 826 2690 produ
849 2606 882 2668 in
910 2605 953 2687 A,
976 2604 1064 2689 quod
1088 2605 1199 2685 sciam,
1224 2603 1295 2667 solo
1320 2603 1423 2688 scrip-

300 2714 368 2770 tum
392 2731 411 2770 a
435 2703 602 2773 Savarone
625 2709 872 2774 Elmenhorstio
897 2709 1027 2794 Mignio
1051 2715 1217 2794 receptum
1241 2715 1300 2772 est.

318 2835 320 2838 ’
401 2828 446 2892 72.
492 2829 623 2893 [ieviter
647 2853 706 2914 pro
731 2832 847 2893 leniter
871 2829 925 2892 vix
947 2835 1045 2909 recte,
1067 2828 1216 2912 quamvis
1239 2827 1321 2891 miro
1349 2850 1424 2891 con-

299 2953 406 3013 sensu,
432 2933 590 3018 scriptum
613 2933 769 2997 adnotavi
792 2933 825 2996 in
847 2932 1002 2997 AHbV
1017 2933 1044 2996 b*
1069 2931 1248 2996 codicibus.

401 3052 446 3116 73.
490 3051 695 3118 Brevissimo
729 3053 777 3116 illi
812 3053 979 3117 enuntiato
1014 3054 1089 3118 dum
1128 3053 1215 3132 baec,
1248 3052 1334 3136 quod
1352 3052 1424 3132 vmi-

299 3154 383 3219 nime
418 3154 631 3220 dubitandum
665 3166 716 3220 est
747 3155 826 3240 quin
859 3180 878 3219 a
906 3145 1045 3220 Sidonio
1074 3157 1120 3219 ita
1149 3156 1192 3219 sit
1224 3177 1424 3241 expressum,
1502 3221 1503 3224 ,

299 3258 551 3344 explicationem
586 3260 889 3347 superscripserunt
923 3259 954 3323 V
973 3267 1021 3322 ‘et
1053 3259 1082 3323 F
1116 3257 1266 3322 codicum
1300 3257 1424 3322 librarii

291 3361 388 3444 fiant,
422 3363 510 3444 quod
544 3359 682 3426 Sidonio
716 3363 921 3427 tribuendum
955 3384 1029 3426 esse
1053 3362 1180 3426 censuit
1201 3359 1423 3425 Wouwerins.

402 3483 447 3549 74.
491 3482 635 3548 Prorsus
659 3484 744 3549 idem
767 3484 902 3550 accidit.
916 3484 989 3548 aliis
1012 3490 1173 3568 quotquot
1195 3483 1335 3568 cognovi
1359 3482 1426 3547 edi·

299 3585 427 3650 toribus
450 3586 484 3649 in
509 3588 655 3678 sequenti
673 3589 776 3672 facta,
801 3587 925 3651 addunt
947 3587 1032 3650 enim
1054 3598 1109 3668 eet,
1136 3584 1224 3670 quod
1246 3586 1280 3650 in
1303 3586 1424 3651 AHV

300 3711 364 3753 non
389 3696 449 3770 est,
472 3689 505 3752 in
528 3690 557 3754 F
581 3691 759 3755 correctori
782 3690 927 3756 debetur.

404 3811 448 3874 75.
484 3809 695 3898 *Quamquam
718 3813 810 3876 ualde
834 3815 981 3898 nequiter
1005 3821 1166 3875 coactaret
1189 3808 1267 3892 quid
1289 3809 1333 3872 sit
1349 3831 1425 3872 con·

302 3914 396 3976 fiteor
418 3937 468 3978 me
491 3936 556 3977 non
584 3926 669 3978 certe
694 3915 788 3980 scire.
832 3915 1028 3980 Lectionum
1051 3913 1209 3977 varietate
1232 3911 1313 3976 nihil
1336 3911 1426 3974 adiu·

303 4038 424 4098 vamur,
458 4018 491 4080 in
514 4018 547 4082 V
570 4017 655 4082 etR
689 4018 850 4104 reperitur
875 4018 982 4082 aalide
1012 4039 1049 4080 ac
1078 4019 1234 4102 nequiter,
1263 4014 1358 4096 idem,
1392 4022 1427 4077 ut

302 4119 439 4201 videtur,
473 4121 536 4184 fuit
568 4121 601 4184 in
645 4121 683 4186 F.
739 4119 872 4185 Gallica
904 4121 985 4185 haec
1019 4127 1070 4184 est
1100 4117 1344 4203 interpretatio:
1378 4117 1425 4181 los

301 4223 440 4309 deputes
464 4225 611 4310 ajoutent
632 4224 749 4309 qu‘elle
772 4233 823 4288 est
844 4224 919 4288 bien
948 4223 988 4286 de
1011 4220 1067 4304 lui,
1090 4220 1230 4306 quoique
1253 4219 1323 4284 cela
1351 4218 1427 4305 ddja
