3186 4900
1219 271 1277 334 101

193 448 333 514 mondus
366 450 516 538 Mignius
549 451 706 531 Baretus,·
738 451 960 536 Wouwerius,
996 478 1068 521 cum
1102 457 1186 522 dicet
1211 459 1320 546 [urst]

194 555 316 637 uliquis
339 554 417 634 edit,
440 555 522 618 usti·
544 555 579 620 in
600 555 695 622 libris
719 578 784 620 non
807 579 880 621 esse
902 557 1030 622 videtur
1051 559 1207 625 indicare.

295 656 360 722 352.
406 658 577 724 Bituricus
600 683 638 724 ex
661 660 693 724 A
712 660 919 726 scribendum
943 669 1004 744 est,
1026 662 1060 726 in
1083 662 1117 726 H
1140 670 1173 726 et
1195 665 1225 729 V
1249 687 1322 751 rep-

193 760 263 845 peri
285 761 472 847 Bituripas.
517 762 605 827 Illud
627 764 662 826 in
683 763 778 828 initio
803 787 853 850 ep.
879 765 950 828 VII
974 769 992 830 5
1017 767 1235 851 (senonum
1254 767 1321 833 edi-

193 869 282 927 tores
305 886 364 949 per
387 885 412 945 c,
436 864 595 930 hocloco
619 888 677 952 per
700 889 719 953 q
743 867 900 932 scribunt.

294 966 359 1032 352.
404 968 525 1034 Multos
547 973 584 1033 c'u
607 983 775 1035 contractu
797 972 831 1035 in
853 972 885 1035 A
909 994 982 1037 cum
1005 973 1127 1038 omissa
1149 984 1268 1056 essent,
1284 976 1318 1039 in

193 1071 338 1156 margine
360 1079 438 1157 post
458 1075 574 1138 multos
592 1075 629 1136 c'u
652 1085 795 1138 tractatu
813 1075 987 1140 scribenda
1003 1076 1107 1141 fuisse
1130 1078 1319 1164 significan-

191 1179 254 1251 tur3
273 1172 358 1238 bunc
381 1174 527 1240 ordinem
550 1184 683 1241 servant
704 1176 818 1259 ΗΕΖ,
841 1179 1005 1244 inversum
1029 1181 1061 1244 V
1089 1191 1122 1244 et
1138 1179 1171 1245 U
1189 1181 1317 1248 babent.

190 1276 265 1362 Ego
289 1279 568 1343 consentientibus
592 1279 659 1343 illis
676 1279 750 1366 plus
768 1304 863 1364 quam
882 1281 933 1346 his
951 1283 1157 1348 auctoritatis
1175 1285 1318 1350 tribuen-

191 1380 267 1442 dum
293 1402 422 1445 censeo.
469 1377 526 1447 Sic
554 1382 653 1468 paulo
688 1392 764 1448 ante
792 1405 864 1448 cum
899 1389 1088 1451 committito
1122 1387 1154 1452 A
1190 1387 1317 1469 habeat,

192 1487 382 1548 committito
405 1482 530 1565 HRZ,
554 1508 619 1549 non
643 1485 756 1552 dubito
780 1487 859 1570 quin
881 1489 915 1551 in
939 1488 1118 1576 archetypo
1143 1490 1208 1554 tale
1230 1515 1316 1555 men-

190 1587 266 1650 dum
289 1586 397 1667 fuerit,
420 1587 453 1650 in
478 1587 509 1650 V
533 1590 762 1674 (committeus)
787 1597 819 1653 et
845 1587 873 1654 U
897 1601 1079 1656 correctum
1103 1593 1157 1657 sit.

292 1689 356 1755 354.
401 1686 494 1771 Quae
516 1690 573 1755 illa
596 1693 764 1778 excipiunt
795 1693 829 1756 in
852 1695 884 1757 A
907 1693 979 1758 solo
1009 1695 1071 1760 hoo
1104 1695 1202 1760 modo
1236 1698 1316 1790 scri7

189 1794 322 1860 buntur:
346 1795 529 1882 quosdam
546 1799 584 1860 e'u
606 1820 674 1876 suc,
692 1799 907 1882 plerosque
930 1802 966 1862 iu
988 1810 1103 1862 costra
1123 1804 1316 1886 peregriua·

189 1901 275 1962 tc'oue
299 1900 525 1984 uocauerimus.
560 1899 713 1965 Variavit
734 1899 875 1964 fortasse
888 1896 1045 1966 Sidonius
1062 1902 1095 1966 in
1114 1902 1165 1968 his
1181 1903 1314 1970 verbum

187 2003 252 2067 iam
274 2010 388 2086 quater
409 2003 563 2089 positum,
581 2003 774 2089 praesertim
796 2026 869 2069 cum
885 2007 1002 2069 assultus
1018 2008 1054 2069 c'u
1077 2009 1226 2071 itinere
1249 2009 1313 2072 iarn

188 2104 336 2170 dixisset.
380 2105 474 2170 Nihil
508 2105 656 2190 equidem
690 2106 936 2190 adfirmaverim,
969 2110 1118 2193 quamvis
1153 2118 1219 2176 tam
1247 2135 1315 2177 mo-

187 2209 303 2274 lestam
326 2211 416 2277 verbi
439 2213 556 2275 multus
573 2211 812 2297 repetitionem,
826 2212 953 2296 qualem
966 2235 1065 2300 supra
1077 2235 1114 2278 ex
1130 2213 1310 2282 HRZVU

187 2323 219 2377 et
235 2313 433 2379 editionibus
457 2313 580 2377 invitus
598 2313 730 2399 scripsi,
743 2310 882 2379 Sidonio
900 2306 1066 2402 placuisse
1082 2316 1162 2380 mihi
1180 2318 1312 2382 minime

182 2425 348 2570 commiss,
396 2505 545 2568 Primum
572 2504 665 2566 modo
689 2503 722 2567 in
745 2504 777 2567 A
801 2505 942 2591 repperi,
969 2505 1057 2590 quod
1079 2507 1221 2572 tortasse
1244 2531 1310 2572 ma.

182 2607 234 2692 gis
257 2608 524 2694 perspicuitatem
548 2608 681 2672 adiuvat
703 2630 799 2693 quam
822 2610 913 2672 ruodo
935 2612 1089 2694 primum,
1106 2632 1310 2695 quamquam,

181 2710 269 2795 quod
292 2711 459 2775 fatendum
481 2719 542 2793 est,
564 2734 648 2776 uuae
665 2713 812 2797 primum
841 2733 970 2798 semper
992 2712 1057 2777 dici
1080 2713 1219 2794 videtur,
1243 2737 1309 2778 non

177 2817 322 2896 primum
344 2836 437 2879 cunc.
460 2811 583 2878 Gallici
616 2814 812 2900 interpretes
846 2816 955 2881 locum
988 2839 1053 2879 non
1080 2815 1308 2902 intellegentes

182 2915 230 2980 sic
252 2923 397 2982 vertunt:
418 2917 474 3002 j’ai
498 2915 542 2980 dd
566 2919 676 2982 saveir
699 2916 834 2982 d’abord
858 2942 924 2983 non
948 2917 1125 2983 seulement
1147 2920 1202 3003 qui
1226 2941 1308 2983 vous

182 3021 262 3100 etse,
278 3020 359 3084 mais
378 3042 496 3085 encore
519 3025 561 3082 od
584 3043 666 3085 vous
690 3021 784 3084 dtiez.
830 3018 896 3086 Sed
919 3021 982 3086 hoc
999 3021 1133 3086 dicitur:
1157 3043 1223 3086 non
1240 3030 1308 3086 tum

179 3125 357 3206 primum,
380 3146 452 3188 cum
477 3123 635 3209 oppidum
668 3132 811 3187 vestrum
837 3123 1009 3205 intrabam,
1037 3123 1150 3209 quales
1179 3126 1308 3207 essetis,

182 3225 239 3290 sed
261 3225 343 3289 illud
365 3234 500 3308 tantum,
523 3226 611 3310 quali
633 3227 667 3290 in
691 3227 814 3313 oppido
838 3227 967 3310 essetis,
990 3229 1120 3313 agnovi.

282 3328 346 3393 iit.
394 3330 522 3394 Educta
545 3353 584 3394 ex
607 3329 719 3395 AHV
737 3330 944 3396 scribendum
961 3338 1021 3412 est,
1038 3353 1105 3396 non
1128 3331 1306 3410 educata,

180 3431 267 3515 quod
289 3429 498 3497 Wouwerius
522 3429 717 3498 Sirmondus
740 3433 889 3519 Mignius
913 3433 1041 3499 habent.
1077 3431 1201 3499 Savaro
1219 3444 1307 3500 recte

181 3542 350 3620 comparat
372 3535 493 3621 ep.III
519 3538 553 3600 ll
576 3538 666 3623 (243)
691 3539 740 3602 cel
763 3539 809 3601 sic
831 3540 947 3602 electus
969 3559 1077 3623 perier,
1091 3541 1140 3603 cet
1164 3540 1306 3603 educta

180 3640 227 3702 sc'c
240 3638 328 3720 filiu.

281 3947 345 4033 Ep.
369 3946 441 4012 VII
465 3950 498 4010 ll
527 3947 632 4032 (379).
655 3945 760 4031 Atque
783 3949 910 4010 uticam
933 3947 1009 4011 tcec
1033 3957 1111 4011 esset
1133 3949 1305 4012 Aruernus

170 4051 286 4138 forma
298 4053 348 4114 uel
361 4071 456 4114 causa
469 4053 623 4135 repicuis,
635 4062 671 4114 ut
683 4053 787 4115 uticus
802 4050 995 4115 accusabiles
1019 4071 1304 4116 accusarentur.

281 4153 346 4219 35⁷.
391 4150 629 4218 Eccusaremcr
653 4175 692 4216 ex
714 4152 746 4215 A
758 4151 792 4216 H
804 4151 835 4216 R
847 4152 873 4216 Z
885 4151 915 4216 U
942 4151 1149 4217 scribendum
1167 4175 1284 4218 censeo
1295 4180 1303 4234 3

179 4256 213 4321 V
236 4255 360 4322 codicis
385 4255 539 4342 scriptori
558 4255 739 4342 elegantius
763 4255 868 4319 visum
891 4262 942 4320 est
963 4257 1196 4338 iudicaremur,
1218 4258 1305 4342 quod

179 4360 260 4425 nihil
284 4360 445 4425 adnotans
468 4358 593 4445 recepit
613 4357 835 4425 Wouwerius.
879 4359 989 4424 Etiam
1012 4359 1124 4447 gallici
1147 4360 1306 4446 interpre-
