3172 4908
1221 229 1261 294 23

180 415 427 478 sancientum
463 416 685 500 iuqulabatur.
734 413 815 480 Tune
848 419 972 482 densum
1001 419 1183 484 laboriosus
1207 421 1305 484 tarda

175 518 384 602 poenitudine
408 520 616 606 loquacitatis
651 522 842 606 inpolluisse
864 522 1069 607 perhibetur,
1093 544 1164 587 sero
1193 544 1308 608 coquo-

178 643 266 684 scone
283 644 377 707 porse
402 644 491 687 reune
513 625 695 688 maiestatis
714 629 932 709 pronuntiari
955 628 1052 690 etiarn
1075 647 1145 690 euno
1167 629 1305 714 quinon

179 725 369 810 adfectasset
405 726 550 790 babiturn
579 738 906 812 purpuratorum.
960 729 1138 815 Confestim
1168 731 1305 814 priuile-

177 831 243 914 qiis
266 832 410 912 pernitiae
428 829 666 914 praefecturae,
695 851 790 914 quone
811 853 874 916 per
903 836 1154 919 quinquennium
1188 837 1305 919 repeti-

180 935 222 995 tis·
249 932 396 1020 ,fascibus
429 945 569 1013 reneral,
605 945 892 999 enauotcratue
926 946 957 999 et
979 937 1126 1022 plebeiae
1149 939 1304 1022 familiae

178 1055 242 1098 non
264 1045 300 1098 ut
323 1035 465 1118 additur,
488 1036 542 1100 sed
563 1049 599 1100 ut
622 1036 770 1100 redditus
788 1038 920 1124 publico
945 1044 1071 1103 carceri
1098 1040 1306 1106 adiudicatus

179 1151 234 1202 est.
280 1136 369 1203 Illud
392 1161 466 1202 sono
490 1142 819 1225 aerumnosissimum,
842 1145 963 1206 sicuti
984 1165 1162 1208 narravere
1186 1147 1242 1228 qui
1258 1147 1306 1208 oi-

179 1242 306 1322 dernnt,
341 1243 424 1326 quod
459 1244 536 1329 quia
559 1265 590 1306 se
613 1244 668 1308 snb
694 1248 816 1308 atratis
850 1247 1091 1312 accusatoribue
1115 1259 1306 1312 enornatuno

178 1347 234 1410 ille
262 1347 464 1432 politumque
487 1346 648 1410 iudicibus
676 1350 846 1429 intulerat,
867 1352 965 1432 paulo
985 1362 1061 1435 poet
1085 1371 1154 1414 orem
1177 1351 1306 1416 ducere-

179 1461 235 1512 tur
259 1449 418 1529 addictus,
442 1453 540 1512 miser
564 1471 619 1514 nec
647 1451 845 1515 miserabilis
871 1463 953 1516 erat.
1000 1451 1080 1532 Quia
1104 1456 1189 1517 enirn
1212 1476 1307 1540 super

179 1562 267 1615 statu
284 1555 350 1616 eius
373 1553 471 1615 nirnis
484 1553 712 1637 inflecteretur,
725 1555 952 1639 qnemoicleret
976 1568 1162 1622 accuratum
1185 1557 1307 1622 delibu-

180 1669 305 1742 tumque
340 1655 548 1720 lautumiis
585 1668 641 1721 out
669 1662 833 1744 erqastulo
858 1663 990 1746 inferri.
1035 1657 1101 1724 Sed
1124 1673 1158 1724 et
1181 1663 1305 1726 indicio

179 1761 234 1824 oia
252 1781 314 1843 per
338 1759 615 1824 noooouaoan
632 1761 792 1847 duplioenr
809 1764 1090 1848 conperendinata
1109 1766 1308 1849 capitemul·

181 1874 266 1926 tatus
282 1866 318 1926 in
336 1864 478 1926 insulam
501 1868 659 1930 coniectus
682 1877 728 1928 est
751 1869 952 1949 serpentis
977 1865 1208 1952 Epidaurii.
1241 1865 1309 1931 Ubi

178 1989 275 2052 usquo
299 1966 341 2030 ad
363 1969 571 2031 inimicorum
603 1969 748 2032 dolorenc
781 1969 1005 2034 devenustatus
1034 1983 1063 2033 et
1092 1993 1111 2033 a
1136 1970 1227 2034 rebus
1250 1971 1306 2034 bu·

178 2075 284 2134 enanis
307 2072 407 2134 ueluti
429 2074 551 2135 oonritn
564 2072 723 2156 fortunae
746 2077 932 2138 nauseantis
966 2085 1129 2160 enputur
1156 2097 1240 2140 nuno
1269 2096 1307 2138 en

179 2187 285 2238 oetere
319 2173 592 2238 senatusconsulto
631 2171 807 2240 Tiberiano
843 2179 1022 2262 triqinla
1055 2178 1181 2242 dierum
1204 2181 1306 2242 uitam

175 2289 253 2364 post
287 2280 480 2342 sententiola
509 2277 625 2359 trabit,
648 2301 762 2344 uncum
786 2292 816 2343 et
838 2283 1004 2366 qemonias
1027 2292 1057 2345 et
1082 2284 1227 2366 laqueum
1243 2303 1307 2367 per

178 2381 275 2444 boras
300 2381 479 2446 turbulenti
502 2381 665 2464 carnificis
689 2381 884 2449 horrescens.
907 2365 912 2376 ¹

280 2484 326 2549 bi.
374 2483 482 2549 Verbo
506 2506 734 2568 recoqnoscens
759 2524 800 2535 --
828 2487 861 2549 iu
889 2486 1009 2572 gallica
1036 2486 1307 2573 interpretatione

177 2611 243 2651 uon
265 2595 353 2652 reete
378 2587 426 2652 sio
449 2588 602 2651 vertitur:
637 2611 760 2654 comme
783 2613 846 2652 arrx
873 2592 967 2675 jours
991 2590 1030 2654 de
1055 2613 1115 2654 sou
1140 2589 1305 2656 elevatior

177 2693 343 2755 -uesoio
367 2713 408 2754 au
431 2689 542 2754 eadem
565 2691 616 2754 vis
641 2699 737 2776 atque
760 2700 811 2756 est
833 2691 954 2778 gallico
972 2693 1071 2758 verbo
1091 2695 1305 2772 reconnailre,

178 2794 244 2857 viru
258 2793 333 2859 dico
351 2793 538 2858 referendae
555 2794 690 2879 gratiae,
703 2793 865 2859 hocloco
878 2820 897 2858 a
921 2792 1059 2860 Sidonio
1095 2795 1240 2860 subiecta
1264 2795 1308 2858 sit

187 2913 193 2920 '
280 2897 326 2962 bb.
371 2896 437 2960 Pro
455 2917 616 2982 prensare
640 2920 679 2960 ex
700 2897 731 2962 A
756 2897 869 2963 codice
893 2898 1082 2963 adnotatum
1104 2899 1208 2964 habeo
1226 2920 1306 2984 pen-

178 3021 262 3072 sare,
285 2998 373 3083 quod
395 3023 434 3063 ex
458 3023 521 3064 uuo
546 3000 659 3065 codiee
676 2999 888 3066 Wouwerius
918 3002 1037 3066 attulit.
1077 3002 1189 3087 Magis
1216 3001 1306 3082 mihi,

178 3111 215 3167 ut
237 3100 398 3167 Savaroni
421 3102 739 3189 Elmenhorstioque,
757 3104 821 3169 hoc
843 3105 961 3190 placet,
979 3128 1043 3190 quo
1067 3104 1231 3169 inducitur
1242 3105 1306 3169 Ar-

179 3206 306 3272 vandus
331 3228 390 3270 sua
412 3229 507 3270 uranu
531 3207 678 3293 pondera
700 3208 834 3296 exigens
858 3233 964 3274 rerum
987 3208 1215 3296 pretiosarum.

281 3310 326 3374 bb.
368 3307 573 3393 Depretiari,
596 3333 662 3375 non
690 3313 875 3398 depretiare
910 3312 1068 3398 scriptum
1091 3312 1196 3376 estin
1219 3311 1307 3376 Aet

179 3421 260 3500 post
282 3412 428 3477 additum
459 3413 492 3477 in
515 3413 549 3478 H
578 3413 611 3478 et
637 3414 675 3479 F.
720 3412 841 3479 Utrum
865 3440 884 3479 a
907 3412 1045 3480 Sidonio
1070 3416 1229 3501 scriptum
1252 3415 1305 3488 sit.

178 3539 245 3580 uon
279 3514 376 3580 facile
410 3515 582 3595 decernas3
618 3516 681 3582 hoo
709 3541 748 3582 ex
771 3519 900 3583 infimae
935 3519 1051 3583 aetatis
1087 3517 1305 3604 scriptoribus

179 3621 334 3700 adfertur,
358 3619 435 3684 item
459 3624 657 3708 oppretiare.

281 3723 326 3787 67.
350 3721 442 3803 Quod
460 3745 490 3788 se
503 3727 601 3809 prius
614 3747 708 3811 quarn
725 3727 921 3789 discuterent
937 3726 1170 3789 ulciscerentur
1182 3725 1304 3788 omisso

179 3850 243 3890 non
267 3827 300 3890 in
323 3827 356 3890 A
379 3827 543 3908 scribitur,
566 3827 600 3890 in
624 3827 652 3891 F
674 3848 738 3890 non
761 3849 888 3892 erasum
911 3829 1049 3908 videtur,
1072 3825 1185 3892 eodem
1207 3826 1304 3891 ruodo

180 3931 266 3994 huuc
289 3930 396 3993 locum
419 3932 519 3994 edunt
542 3927 667 3994 Savaro
695 3929 1033 4013 Elmenhorstiusque.
1078 3926 1177 4010 Quod
1201 3929 1229 3994 si
1251 3953 1306 3995 ve·

179 4057 250 4098 rum
275 4039 335 4113 est,
358 4055 424 4096 non
447 4033 530 4097 male
553 4032 673 4099 dicitur
694 4033 871 4097 Arvandus
905 4033 1007 4117 queri,
1035 4032 1122 4116 quod
1152 4055 1224 4097 oum
1251 4057 1306 4098 ou-

181 4134 308 4200 stodiae
332 4135 475 4200 traditus
498 4136 552 4217 sit,
576 4144 652 4200 ante
674 4136 831 4201 iudicium
854 4145 990 4223 propter
1023 4135 1099 4200 odia
1120 4137 1305 4224 principum

180 4262 289 4326 poena
318 4238 504 4320 adficiatur3
528 4240 643 4305 sinon
671 4239 812 4322 additur,
835 4240 925 4305 nulla
947 4240 1011 4305 alia
1034 4248 1147 4328 potest
1168 4240 1305 4307 evadere
