<?xml version="1.0" encoding="UTF-8"?>
<!DOCTYPE html PUBLIC "-//W3C//DTD XHTML 1.0 Transitional//EN"
    "http://www.w3.org/TR/xhtml1/DTD/xhtml1-transitional.dtd">
<html xmlns="http://www.w3.org/1999/xhtml" xml:lang="en" lang="en">
 <head>
  <title>
</title>
<meta http-equiv="Content-Type" content="text/html;charset=utf-8" />
  <meta name='ocr-system' content='tesseract 3.04.00' />
  <meta name='ocr-capabilities' content='ocr_page ocr_carea ocr_par ocr_line ocrx_word'/>
</head>
<body>
  <div class='ocr_page' id='page_1' title='image "./deapollinarisid00gustgoog_0126.png"; bbox 0 0 3186 4900; ppageno 0'>
   <div class='ocr_carea' id='block_1_1' title="bbox 1215 274 1255 335">
    <p class='ocr_par' dir='ltr' id='par_1_1' title="bbox 1215 274 1255 335">
     <span class='ocr_line' id='line_1_1' title="bbox 1215 274 1255 335; baseline 0 0"><span class='ocrx_word' id='word_1_1' title='bbox 1215 274 1255 335; x_wconf 74' lang='lat'><em>97</em></span> 
     </span>
    </p>
   </div>
   <div class='ocr_carea' id='block_1_2' title="bbox 170 453 1300 547">
    <p class='ocr_par' dir='ltr' id='par_1_2' title="bbox 170 453 1300 547">
     <span class='ocr_line' id='line_1_2' title="bbox 170 453 1300 547; baseline 0.004 -27"><span class='ocrx_word' id='word_1_2' title='bbox 170 454 279 521; x_wconf 90' lang='lat' dir='ltr'><em>Nimis</em></span> <span class='ocrx_word' id='word_1_3' title='bbox 301 456 384 522; x_wconf 88' lang='lat' dir='ltr'><em>levis</em></span> <span class='ocrx_word' id='word_1_4' title='bbox 419 457 499 522; x_wconf 87' lang='lat' dir='ltr'><em>hacc</em></span> <span class='ocrx_word' id='word_1_5' title='bbox 521 463 609 522; x_wconf 87' lang='lat' dir='ltr'><em>esset</em></span> <span class='ocrx_word' id='word_1_6' title='bbox 636 458 817 544; x_wconf 91' lang='lat' dir='ltr'><em>oppositio,</em></span> <span class='ocrx_word' id='word_1_7' title='bbox 840 479 912 522; x_wconf 91' lang='lat' dir='ltr'><em>cum</em></span> <span class='ocrx_word' id='word_1_8' title='bbox 934 453 1037 523; x_wconf 82' lang='lat' dir='ltr'><em>altera</em></span> <span class='ocrx_word' id='word_1_9' title='bbox 1059 462 1230 547; x_wconf 71' lang='lat' dir='ltr'><em>inspicere,</em></span> <span class='ocrx_word' id='word_1_10' title='bbox 1254 461 1300 525; x_wconf 86' lang='lat' dir='ltr'><em>al-</em></span> 
     </span>
    </p>
   </div>
   <div class='ocr_carea' id='block_1_3' title="bbox 77 561 617 646">
    <p class='ocr_par' dir='ltr' id='par_1_3' title="bbox 77 561 617 646">
     <span class='ocr_line' id='line_1_3' title="bbox 77 561 617 646; baseline -0.009 -17"><span class='ocrx_word' id='word_1_11' title='bbox 77 615 79 629; x_wconf 72' lang='grc'><strong>.</strong></span> <span class='ocrx_word' id='word_1_12' title='bbox 169 567 240 624; x_wconf 85' lang='lat' dir='ltr'><em>tere</em></span> <span class='ocrx_word' id='word_1_13' title='bbox 262 561 422 646; x_wconf 79' lang='lat' dir='ltr'><em>dispicere</em></span> <span class='ocrx_word' id='word_1_14' title='bbox 445 561 617 626; x_wconf 77' lang='lat' dir='ltr'>diceretur.</span> 
     </span>
    </p>
   </div>
   <div class='ocr_carea' id='block_1_4' title="bbox 168 665 1300 1994">
    <p class='ocr_par' dir='ltr' id='par_1_4' title="bbox 169 665 1300 1060">
     <span class='ocr_line' id='line_1_4' title="bbox 282 665 1299 753; baseline 0.002 -23"><span class='ocrx_word' id='word_1_15' title='bbox 282 665 347 730; x_wconf 86' lang='grc'><strong>338.</strong></span> <span class='ocrx_word' id='word_1_16' title='bbox 397 666 437 729; x_wconf 80' lang='lat' dir='ltr'><em>Si</em></span> <span class='ocrx_word' id='word_1_17' title='bbox 470 689 531 753; x_wconf 81' lang='lat' dir='ltr'><em>qua</em></span> <span class='ocrx_word' id='word_1_18' title='bbox 573 667 650 730; x_wconf 87' lang='lat' dir='ltr'><em>istic</em></span> <span class='ocrx_word' id='word_1_19' title='bbox 683 667 891 751; x_wconf 74' lang='lat' dir='ltr'><em>municipioli</em></span> <span class='ocrx_word' id='word_1_20' title='bbox 922 668 1031 730; x_wconf 87' lang='lat' dir='ltr'><em>nostri</em></span> <span class='ocrx_word' id='word_1_21' title='bbox 1069 667 1299 733; x_wconf 71' lang='lat' dir='ltr'><em>suburbanitas</em></span> 
     </span>
     <span class='ocr_line' id='line_1_5' title="bbox 169 767 1300 855; baseline 0.004 -25"><span class='ocrx_word' id='word_1_22' title='bbox 169 768 293 833; x_wconf 85' lang='lat' dir='ltr'><em>omisso</em></span> <span class='ocrx_word' id='word_1_23' title='bbox 318 780 375 832; x_wconf 87' lang='lat' dir='ltr'><em>est</em></span> <span class='ocrx_word' id='word_1_24' title='bbox 397 769 497 834; x_wconf 83' lang='lat' dir='ltr'><em>scribi</em></span> <span class='ocrx_word' id='word_1_25' title='bbox 520 768 643 848; x_wconf 83' lang='lat' dir='ltr'><em>malim3</em></span> <span class='ocrx_word' id='word_1_26' title='bbox 667 780 713 832; x_wconf 91' lang='lat' dir='ltr'><em>est</em></span> <span class='ocrx_word' id='word_1_27' title='bbox 735 769 769 832; x_wconf 93' lang='lat' dir='ltr'><em>in</em></span> <span class='ocrx_word' id='word_1_28' title='bbox 791 767 905 834; x_wconf 87' lang='lat' dir='ltr'><em>HRZ</em></span> <span class='ocrx_word' id='word_1_29' title='bbox 921 769 1065 855; x_wconf 87' lang='lat' dir='ltr'><em>ponitur,</em></span> <span class='ocrx_word' id='word_1_30' title='bbox 1087 771 1121 835; x_wconf 92' lang='lat' dir='ltr'><em>in</em></span> <span class='ocrx_word' id='word_1_31' title='bbox 1146 769 1179 834; x_wconf 89' lang='lat' dir='ltr'><strong>A</strong></span> <span class='ocrx_word' id='word_1_32' title='bbox 1205 771 1300 835; x_wconf 72' lang='lat' dir='ltr'><em>cmit-</em></span> 
     </span>
     <span class='ocr_line' id='line_1_6' title="bbox 170 870 1298 957; baseline 0.004 -24"><span class='ocrx_word' id='word_1_33' title='bbox 170 870 260 954; x_wconf 83' lang='lat' dir='ltr'><em>titur,</em></span> <span class='ocrx_word' id='word_1_34' title='bbox 283 871 425 938; x_wconf 85' lang='lat' dir='ltr'><em>fortasse</em></span> <span class='ocrx_word' id='word_1_35' title='bbox 458 873 492 936; x_wconf 90' lang='lat' dir='ltr'><em>in</em></span> <span class='ocrx_word' id='word_1_36' title='bbox 525 870 599 936; x_wconf 87' lang='lat' dir='ltr'><em>aliis</em></span> <span class='ocrx_word' id='word_1_37' title='bbox 633 894 761 957; x_wconf 91' lang='lat' dir='ltr'><em>quoque</em></span> <span class='ocrx_word' id='word_1_38' title='bbox 789 871 970 953; x_wconf 89' lang='lat' dir='ltr'><em>codicibus,</em></span> <span class='ocrx_word' id='word_1_39' title='bbox 993 873 1146 957; x_wconf 86' lang='lat' dir='ltr'><em>quoniam</em></span> <span class='ocrx_word' id='word_1_40' title='bbox 1169 873 1209 939; x_wconf 86' lang='lat' dir='ltr'><em>ab</em></span> <span class='ocrx_word' id='word_1_41' title='bbox 1233 897 1298 938; x_wconf 91' lang='lat' dir='ltr'><em>uno</em></span> 
     </span>
     <span class='ocr_line' id='line_1_7' title="bbox 169 973 941 1060; baseline -0.001 -22"><span class='ocrx_word' id='word_1_42' title='bbox 169 981 295 1038; x_wconf 84' lang='lat' dir='ltr'><em>tantum</em></span> <span class='ocrx_word' id='word_1_43' title='bbox 317 975 453 1057; x_wconf 86' lang='lat' dir='ltr'><em>editore,</em></span> <span class='ocrx_word' id='word_1_44' title='bbox 476 973 668 1040; x_wconf 89' lang='lat' dir='ltr'><em>Wouwerio</em></span> <span class='ocrx_word' id='word_1_45' title='bbox 691 983 859 1060; x_wconf 85' lang='lat' dir='ltr'><em>receptum</em></span> <span class='ocrx_word' id='word_1_46' title='bbox 882 981 941 1040; x_wconf 87' lang='lat' dir='ltr'><em>est.</em></span> 
     </span>
    </p>

    <p class='ocr_par' dir='ltr' id='par_1_5' title="bbox 168 1078 1299 1555">
     <span class='ocr_line' id='line_1_8' title="bbox 272 1078 1298 1160; baseline 0.001 -17"><span class='ocrx_word' id='word_1_47' title='bbox 272 1078 336 1143; x_wconf 86' lang='grc'><strong>333.</strong></span> <span class='ocrx_word' id='word_1_48' title='bbox 382 1079 518 1144; x_wconf 75' lang='lat' dir='ltr'><em>Minnica</em></span> <span class='ocrx_word' id='word_1_49' title='bbox 542 1078 735 1144; x_wconf 81' lang='lat' dir='ltr'><em>sinesdubio</em></span> <span class='ocrx_word' id='word_1_50' title='bbox 760 1078 967 1143; x_wconf 88' lang='lat' dir='ltr'><em>scribendum</em></span> <span class='ocrx_word' id='word_1_51' title='bbox 988 1085 1129 1160; x_wconf 75' lang='lat' dir='ltr'><em>estnon</em></span> <span class='ocrx_word' id='word_1_52' title='bbox 1153 1081 1298 1159; x_wconf 86' lang='lat' dir='ltr'><em>inimica,</em></span> 
     </span>
     <span class='ocr_line' id='line_1_9' title="bbox 169 1180 1299 1264; baseline 0.003 -20"><span class='ocrx_word' id='word_1_53' title='bbox 169 1180 256 1264; x_wconf 91' lang='lat' dir='ltr'><em>quod</em></span> <span class='ocrx_word' id='word_1_54' title='bbox 278 1182 412 1246; x_wconf 78' lang='lat' dir='ltr'><em>retinuit</em></span> <span class='ocrx_word' id='word_1_55' title='bbox 433 1180 655 1247; x_wconf 84' lang='lat' dir='ltr'><em>Wouweriue.</em></span> <span class='ocrx_word' id='word_1_56' title='bbox 701 1182 777 1247; x_wconf 93' lang='lat' dir='ltr'><em>Hoc</em></span> <span class='ocrx_word' id='word_1_57' title='bbox 800 1189 906 1247; x_wconf 82' lang='lat' dir='ltr'><em>autern</em></span> <span class='ocrx_word' id='word_1_58' title='bbox 929 1181 963 1246; x_wconf 89' lang='lat' dir='ltr'><em>in</em></span> <span class='ocrx_word' id='word_1_59' title='bbox 985 1183 1017 1246; x_wconf 92' lang='lat' dir='ltr'>A</span> <span class='ocrx_word' id='word_1_60' title='bbox 1029 1181 1099 1246; x_wconf 74' lang='lat' dir='ltr'><em>Ru</em></span> <span class='ocrx_word' id='word_1_61' title='bbox 1114 1192 1165 1246; x_wconf 86' lang='lat' dir='ltr'><em>est</em></span> <span class='ocrx_word' id='word_1_62' title='bbox 1181 1191 1213 1247; x_wconf 88' lang='lat' dir='ltr'><em>et</em></span> <span class='ocrx_word' id='word_1_63' title='bbox 1236 1182 1299 1247; x_wconf 88' lang='lat' dir='ltr'><em>fuit</em></span> 
     </span>
     <span class='ocr_line' id='line_1_10' title="bbox 168 1284 1297 1372; baseline 0.002 -24"><span class='ocrx_word' id='word_1_64' title='bbox 168 1285 202 1348; x_wconf 93' lang='lat' dir='ltr'><em>in</em></span> <span class='ocrx_word' id='word_1_65' title='bbox 225 1285 270 1366; x_wconf 88' lang='lat' dir='ltr'><em>H,</em></span> <span class='ocrx_word' id='word_1_66' title='bbox 293 1285 325 1349; x_wconf 93' lang='lat' dir='ltr'><em>in</em></span> <span class='ocrx_word' id='word_1_67' title='bbox 349 1309 412 1371; x_wconf 90' lang='lat' dir='ltr'><em>quo</em></span> <span class='ocrx_word' id='word_1_68' title='bbox 435 1286 551 1372; x_wconf 89' lang='lat' dir='ltr'><em>primis</em></span> <span class='ocrx_word' id='word_1_69' title='bbox 581 1284 700 1350; x_wconf 87' lang='lat' dir='ltr'><em>litteris</em></span> <span class='ocrx_word' id='word_1_70' title='bbox 728 1285 895 1371; x_wconf 79' lang='lat' dir='ltr'><em>paululum</em></span> <span class='ocrx_word' id='word_1_71' title='bbox 919 1286 1076 1350; x_wconf 85' lang='lat' dir='ltr'><em>correctis</em></span> <span class='ocrx_word' id='word_1_72' title='bbox 1099 1309 1177 1350; x_wconf 85' lang='lat' dir='ltr'><em>vera</em></span> <span class='ocrx_word' id='word_1_73' title='bbox 1198 1285 1297 1350; x_wconf 90' lang='lat' dir='ltr'><em>lectio</em></span> 
     </span>
     <span class='ocr_line' id='line_1_11' title="bbox 168 1386 1299 1454; baseline 0.002 -4"><span class='ocrx_word' id='word_1_74' title='bbox 168 1387 321 1452; x_wconf 83' lang='lat' dir='ltr'><em>restituta</em></span> <span class='ocrx_word' id='word_1_75' title='bbox 352 1396 413 1454; x_wconf 86' lang='lat' dir='ltr'><em>cst.</em></span> <span class='ocrx_word' id='word_1_76' title='bbox 469 1387 617 1454; x_wconf 82' lang='lat' dir='ltr'><em>Eandem</em></span> <span class='ocrx_word' id='word_1_77' title='bbox 650 1411 688 1452; x_wconf 86' lang='lat' dir='ltr'><em>ex</em></span> <span class='ocrx_word' id='word_1_78' title='bbox 723 1388 807 1453; x_wconf 92' lang='lat' dir='ltr'><em>libro</em></span> <span class='ocrx_word' id='word_1_79' title='bbox 843 1388 973 1453; x_wconf 88' lang='lat' dir='ltr'><em>Pithoei</em></span> <span class='ocrx_word' id='word_1_80' title='bbox 996 1386 1208 1454; x_wconf 88' lang='lat' dir='ltr'><em>Wauwerius</em></span> <span class='ocrx_word' id='word_1_81' title='bbox 1243 1388 1299 1453; x_wconf 85' lang='lat' dir='ltr'><em>ad-</em></span> 
     </span>
     <span class='ocr_line' id='line_1_12' title="bbox 171 1492 305 1555; baseline 0 -1"><span class='ocrx_word' id='word_1_82' title='bbox 171 1492 305 1555; x_wconf 86' lang='lat' dir='ltr'><em>notavit.</em></span> 
     </span>
    </p>

    <p class='ocr_par' dir='ltr' id='par_1_6' title="bbox 168 1593 1298 1778">
     <span class='ocr_line' id='line_1_13' title="bbox 272 1593 1298 1682; baseline 0 -22"><span class='ocrx_word' id='word_1_83' title='bbox 272 1595 339 1661; x_wconf 76' lang='grc'><strong>340.</strong></span> <span class='ocrx_word' id='word_1_84' title='bbox 386 1593 634 1679; x_wconf 83' lang='lat' dir='ltr'><em>Socruns‚qu0d</em></span> <span class='ocrx_word' id='word_1_85' title='bbox 652 1601 703 1659; x_wconf 88' lang='lat' dir='ltr'><em>est</em></span> <span class='ocrx_word' id='word_1_86' title='bbox 724 1593 758 1657; x_wconf 93' lang='lat' dir='ltr'><em>in</em></span> <span class='ocrx_word' id='word_1_87' title='bbox 780 1595 823 1676; x_wconf 88' lang='lat' dir='ltr'><em>A,</em></span> <span class='ocrx_word' id='word_1_88' title='bbox 847 1593 961 1660; x_wconf 88' lang='lat' dir='ltr'><em>dubito</em></span> <span class='ocrx_word' id='word_1_89' title='bbox 986 1617 1062 1659; x_wconf 91' lang='lat' dir='ltr'><em>num</em></span> <span class='ocrx_word' id='word_1_90' title='bbox 1084 1595 1298 1682; x_wconf 88' lang='lat' dir='ltr'><em>iurerecepe-</em></span> 
     </span>
     <span class='ocr_line' id='line_1_14' title="bbox 168 1695 919 1778; baseline 0 -18"><span class='ocrx_word' id='word_1_91' title='bbox 168 1697 213 1761; x_wconf 93' lang='lat' dir='ltr'><em>rit</em></span> <span class='ocrx_word' id='word_1_92' title='bbox 234 1695 462 1778; x_wconf 82' lang='lat' dir='ltr'><em>Wouwerius3</em></span> <span class='ocrx_word' id='word_1_93' title='bbox 486 1720 630 1764; x_wconf 83' lang='lat' dir='ltr'><em>socerum</em></span> <span class='ocrx_word' id='word_1_94' title='bbox 650 1696 686 1761; x_wconf 92' lang='lat' dir='ltr'>H</span> <span class='ocrx_word' id='word_1_95' title='bbox 697 1696 765 1761; x_wconf 86' lang='lat' dir='ltr'><em>RZ</em></span> <span class='ocrx_word' id='word_1_96' title='bbox 789 1696 919 1761; x_wconf 86' lang='lat' dir='ltr'><em>habent.</em></span> 
     </span>
    </p>

    <p class='ocr_par' dir='ltr' id='par_1_7' title="bbox 169 1800 1299 1994">
     <span class='ocr_line' id='line_1_15' title="bbox 271 1800 1299 1888; baseline 0 -22"><span class='ocrx_word' id='word_1_97' title='bbox 271 1801 335 1867; x_wconf 75' lang='lat' dir='ltr'><em>tn.</em></span> <span class='ocrx_word' id='word_1_98' title='bbox 380 1803 421 1866; x_wconf 87' lang='lat' dir='ltr'><em>Iu</em></span> <span class='ocrx_word' id='word_1_99' title='bbox 455 1801 555 1866; x_wconf 90' lang='lat' dir='ltr'><em>verbo</em></span> <span class='ocrx_word' id='word_1_100' title='bbox 584 1803 825 1887; x_wconf 78' lang='lat' dir='ltr'><em>praestipiatcr</em></span> <span class='ocrx_word' id='word_1_101' title='bbox 849 1800 903 1884; x_wconf 91' lang='lat' dir='ltr'><em>qui</em></span> <span class='ocrx_word' id='word_1_102' title='bbox 926 1801 958 1864; x_wconf 92' lang='lat' dir='ltr'>A</span> <span class='ocrx_word' id='word_1_103' title='bbox 981 1811 1014 1865; x_wconf 92' lang='lat' dir='ltr'><em>et</em></span> <span class='ocrx_word' id='word_1_104' title='bbox 1036 1800 1068 1864; x_wconf 93' lang='lat' dir='ltr'>H</span> <span class='ocrx_word' id='word_1_105' title='bbox 1094 1801 1299 1888; x_wconf 84' lang='lat' dir='ltr'><em>scripserunt</em></span> 
     </span>
     <span class='ocr_line' id='line_1_16' title="bbox 169 1904 1297 1994; baseline 0.002 -26"><span class='ocrx_word' id='word_1_106' title='bbox 169 1905 317 1968; x_wconf 83' lang='lat' dir='ltr'><em>ultimum</em></span> <span class='ocrx_word' id='word_1_107' title='bbox 339 1909 353 1969; x_wconf 91' lang='lat' dir='ltr'><em>i</em></span> <span class='ocrx_word' id='word_1_108' title='bbox 375 1905 564 1986; x_wconf 89' lang='lat' dir='ltr'><em>omiserunt,</em></span> <span class='ocrx_word' id='word_1_109' title='bbox 587 1904 663 1968; x_wconf 91' lang='lat' dir='ltr'><em>inde</em></span> <span class='ocrx_word' id='word_1_110' title='bbox 685 1905 827 1968; x_wconf 83' lang='lat' dir='ltr'><em>fortasse</em></span> <span class='ocrx_word' id='word_1_111' title='bbox 845 1913 950 1968; x_wconf 86' lang='lat' dir='ltr'><em>orturn</em></span> <span class='ocrx_word' id='word_1_112' title='bbox 974 1911 1025 1968; x_wconf 89' lang='lat' dir='ltr'><em>est</em></span> <span class='ocrx_word' id='word_1_113' title='bbox 1041 1909 1297 1994; x_wconf 83' lang='lat' dir='ltr'><em>pervestipatcr,</em></span> 
     </span>
    </p>
   </div>
   <div class='ocr_carea' id='block_1_5' title="bbox 52 2006 848 2092">
    <p class='ocr_par' dir='ltr' id='par_1_8' title="bbox 52 2006 848 2092">
     <span class='ocr_line' id='line_1_17' title="bbox 52 2006 848 2092; baseline -0.008 -16"><span class='ocrx_word' id='word_1_114' title='bbox 52 2069 55 2076; x_wconf 87' lang='lat'>.</span> <span class='ocrx_word' id='word_1_115' title='bbox 168 2008 255 2092; x_wconf 93' lang='lat' dir='ltr'><em>quod</em></span> <span class='ocrx_word' id='word_1_116' title='bbox 277 2031 317 2072; x_wconf 86' lang='lat' dir='ltr'><em>ex</em></span> <span class='ocrx_word' id='word_1_117' title='bbox 339 2009 429 2073; x_wconf 87' lang='lat' dir='ltr'><em>Vict.</em></span> <span class='ocrx_word' id='word_1_118' title='bbox 453 2011 471 2072; x_wconf 79' lang='lat'><strong>2</strong></span> <span class='ocrx_word' id='word_1_119' title='bbox 494 2006 705 2073; x_wconf 87' lang='lat' dir='ltr'><em>Wouwerius</em></span> <span class='ocrx_word' id='word_1_120' title='bbox 730 2007 848 2071; x_wconf 85' lang='lat' dir='ltr'><em>attulit.</em></span> 
     </span>
    </p>
   </div>
   <div class='ocr_carea' id='block_1_6' title="bbox 166 2109 1298 3440">
    <p class='ocr_par' dir='ltr' id='par_1_9' title="bbox 166 2109 1298 2612">
     <span class='ocr_line' id='line_1_18' title="bbox 270 2109 1298 2199; baseline 0.003 -23"><span class='ocrx_word' id='word_1_121' title='bbox 270 2111 335 2177; x_wconf 76' lang='grc'><strong>343.</strong></span> <span class='ocrx_word' id='word_1_122' title='bbox 380 2111 618 2199; x_wconf 79' lang='lat' dir='ltr'><em>Hyperboticis,</em></span> <span class='ocrx_word' id='word_1_123' title='bbox 641 2110 729 2196; x_wconf 91' lang='lat' dir='ltr'><em>quod</em></span> <span class='ocrx_word' id='word_1_124' title='bbox 753 2111 859 2174; x_wconf 87' lang='lat' dir='ltr'><em>estin</em></span> <span class='ocrx_word' id='word_1_125' title='bbox 880 2109 913 2174; x_wconf 91' lang='lat' dir='ltr'>A</span> <span class='ocrx_word' id='word_1_126' title='bbox 935 2118 968 2174; x_wconf 90' lang='lat' dir='ltr'><em>et</em></span> <span class='ocrx_word' id='word_1_127' title='bbox 989 2111 1035 2192; x_wconf 90' lang='lat' dir='ltr'><em>H,</em></span> <span class='ocrx_word' id='word_1_128' title='bbox 1048 2118 1135 2176; x_wconf 88' lang='lat' dir='ltr'><em>recte</em></span> <span class='ocrx_word' id='word_1_129' title='bbox 1150 2111 1298 2179; x_wconf 89' lang='lat' dir='ltr'><em>defendit</em></span> 
     </span>
     <span class='ocr_line' id='line_1_19' title="bbox 169 2211 1296 2302; baseline 0.004 -24"><span class='ocrx_word' id='word_1_130' title='bbox 169 2211 375 2298; x_wconf 79' lang='lat' dir='ltr'><em>SirmonduS,</em></span> <span class='ocrx_word' id='word_1_131' title='bbox 398 2217 451 2279; x_wconf 93' lang='lat' dir='ltr'><em>cui</em></span> <span class='ocrx_word' id='word_1_132' title='bbox 484 2223 592 2280; x_wconf 83' lang='lat' dir='ltr'><em>tamen</em></span> <span class='ocrx_word' id='word_1_133' title='bbox 626 2214 823 2302; x_wconf 79' lang='lat' dir='ltr'><em>bppobobicis</em></span> <span class='ocrx_word' id='word_1_134' title='bbox 847 2214 963 2279; x_wconf 87' lang='lat' dir='ltr'><em>melius</em></span> <span class='ocrx_word' id='word_1_135' title='bbox 986 2214 1124 2279; x_wconf 86' lang='lat' dir='ltr'><em>uidetur.</em></span> <span class='ocrx_word' id='word_1_136' title='bbox 1168 2217 1221 2281; x_wconf 92' lang='lat' dir='ltr'><em>De</em></span> <span class='ocrx_word' id='word_1_137' title='bbox 1244 2218 1296 2283; x_wconf 93' lang='lat' dir='ltr'><em>his</em></span> 
     </span>
     <span class='ocr_line' id='line_1_20' title="bbox 166 2317 1295 2405; baseline 0.004 -24"><span class='ocrx_word' id='word_1_138' title='bbox 166 2318 297 2402; x_wconf 86' lang='lat' dir='ltr'><em>quidem</em></span> <span class='ocrx_word' id='word_1_139' title='bbox 319 2318 485 2404; x_wconf 84' lang='lat' dir='ltr'><em>agebatur,</em></span> <span class='ocrx_word' id='word_1_140' title='bbox 509 2317 566 2383; x_wconf 87' lang='lat' dir='ltr'><em>sed</em></span> <span class='ocrx_word' id='word_1_141' title='bbox 587 2341 659 2383; x_wconf 88' lang='lat' dir='ltr'><em>eam</em></span> <span class='ocrx_word' id='word_1_142' title='bbox 681 2318 786 2404; x_wconf 82' lang='lat' dir='ltr'><em>ipsam</em></span> <span class='ocrx_word' id='word_1_143' title='bbox 810 2317 852 2382; x_wconf 94' lang='lat' dir='ltr'><em>ob</em></span> <span class='ocrx_word' id='word_1_144' title='bbox 868 2340 946 2400; x_wconf 89' lang='lat' dir='ltr'><em>rem,</em></span> <span class='ocrx_word' id='word_1_145' title='bbox 961 2319 1038 2404; x_wconf 84' lang='lat' dir='ltr'><em>quia</em></span> <span class='ocrx_word' id='word_1_146' title='bbox 1052 2319 1094 2382; x_wconf 85' lang='lat' dir='ltr'><em>iis</em></span> <span class='ocrx_word' id='word_1_147' title='bbox 1109 2319 1184 2405; x_wconf 90' lang='lat' dir='ltr'><em>plus</em></span> <span class='ocrx_word' id='word_1_148' title='bbox 1200 2343 1295 2404; x_wconf 88' lang='lat' dir='ltr'><em>quam</em></span> 
     </span>
     <span class='ocr_line' id='line_1_21' title="bbox 166 2420 1295 2508; baseline 0.002 -24"><span class='ocrx_word' id='word_1_149' title='bbox 166 2420 361 2507; x_wconf 84' lang='lat' dir='ltr'><em>possidebat</em></span> <span class='ocrx_word' id='word_1_150' title='bbox 378 2443 520 2507; x_wconf 88' lang='lat' dir='ltr'><em>sponsus</em></span> <span class='ocrx_word' id='word_1_151' title='bbox 537 2421 676 2507; x_wconf 84' lang='lat' dir='ltr'><em>largitus</em></span> <span class='ocrx_word' id='word_1_152' title='bbox 693 2428 771 2484; x_wconf 84' lang='lat' dir='ltr'><em>erat.</em></span> <span class='ocrx_word' id='word_1_153' title='bbox 801 2422 916 2505; x_wconf 85' lang='lat' dir='ltr'><em>Itaque</em></span> <span class='ocrx_word' id='word_1_154' title='bbox 932 2429 1007 2507; x_wconf 85' lang='lat' dir='ltr'><em>apte</em></span> <span class='ocrx_word' id='word_1_155' title='bbox 1024 2423 1232 2508; x_wconf 76' lang='lat' dir='ltr'><em>hyperbolica</em></span> <span class='ocrx_word' id='word_1_156' title='bbox 1248 2423 1295 2487; x_wconf 91' lang='lat' dir='ltr'><em>di-</em></span> 
     </span>
     <span class='ocr_line' id='line_1_22' title="bbox 168 2525 1294 2612; baseline 0.001 -25"><span class='ocrx_word' id='word_1_157' title='bbox 168 2532 285 2588; x_wconf 87' lang='lat' dir='ltr'><em>cuntur</em></span> <span class='ocrx_word' id='word_1_158' title='bbox 307 2525 531 2589; x_wconf 84' lang='lat' dir='ltr'><em>instrumenta.</em></span> <span class='ocrx_word' id='word_1_159' title='bbox 564 2525 610 2588; x_wconf 79' lang='lat' dir='ltr'><em>Et</em></span> <span class='ocrx_word' id='word_1_160' title='bbox 625 2525 814 2610; x_wconf 84' lang='grc' dir='ltr'>ὑπερβολικός</span> <span class='ocrx_word' id='word_1_161' title='bbox 832 2531 948 2604; x_wconf 81' lang='lat' dir='ltr'><em>exstat,</em></span> <span class='ocrx_word' id='word_1_162' title='bbox 966 2527 1138 2612; x_wconf 83' lang='grc' dir='ltr'>ὑποβολικός</span> <span class='ocrx_word' id='word_1_163' title='bbox 1154 2548 1219 2590; x_wconf 91' lang='lat' dir='ltr'><em>non</em></span> <span class='ocrx_word' id='word_1_164' title='bbox 1234 2533 1294 2590; x_wconf 88' lang='lat' dir='ltr'><em>est.</em></span> 
     </span>
    </p>

    <p class='ocr_par' dir='ltr' id='par_1_10' title="bbox 269 2627 1294 2715">
     <span class='ocr_line' id='line_1_23' title="bbox 269 2627 1294 2715; baseline 0.001 -23"><span class='ocrx_word' id='word_1_165' title='bbox 269 2627 334 2692; x_wconf 80' lang='grc'><strong>343.</strong></span> <span class='ocrx_word' id='word_1_166' title='bbox 381 2627 605 2712; x_wconf 80' lang='lat' dir='ltr'><em>Sponsabicice</em></span> <span class='ocrx_word' id='word_1_167' title='bbox 628 2652 667 2692; x_wconf 87' lang='lat' dir='ltr'><em>ex</em></span> <span class='ocrx_word' id='word_1_168' title='bbox 689 2628 722 2692; x_wconf 93' lang='lat' dir='ltr'>A</span> <span class='ocrx_word' id='word_1_169' title='bbox 745 2635 777 2691; x_wconf 90' lang='lat' dir='ltr'><em>et</em></span> <span class='ocrx_word' id='word_1_170' title='bbox 793 2627 828 2690; x_wconf 94' lang='lat' dir='ltr'>H</span> <span class='ocrx_word' id='word_1_171' title='bbox 845 2627 977 2714; x_wconf 82' lang='lat' dir='ltr'><em>scripsi,</em></span> <span class='ocrx_word' id='word_1_172' title='bbox 993 2651 1057 2692; x_wconf 93' lang='lat' dir='ltr'><em>non</em></span> <span class='ocrx_word' id='word_1_173' title='bbox 1074 2633 1294 2715; x_wconf 74' lang='lat' dir='ltr'><em>sponsalitiae.</em></span> 
     </span>
    </p>

    <p class='ocr_par' dir='ltr' id='par_1_11' title="bbox 166 2730 1295 3440">
     <span class='ocr_line' id='line_1_24' title="bbox 269 2730 1294 2813; baseline 0.001 -18"><span class='ocrx_word' id='word_1_174' title='bbox 269 2730 334 2796; x_wconf 76' lang='grc'><strong>344.</strong></span> <span class='ocrx_word' id='word_1_175' title='bbox 380 2730 505 2796; x_wconf 84' lang='lat' dir='ltr'><em>Miiicie</em></span> <span class='ocrx_word' id='word_1_176' title='bbox 528 2732 561 2795; x_wconf 94' lang='lat' dir='ltr'><em>in</em></span> <span class='ocrx_word' id='word_1_177' title='bbox 583 2732 616 2794; x_wconf 90' lang='lat' dir='ltr'>A</span> <span class='ocrx_word' id='word_1_178' title='bbox 640 2731 803 2813; x_wconf 81' lang='lat' dir='ltr'><em>scribitur,</em></span> <span class='ocrx_word' id='word_1_179' title='bbox 826 2730 912 2794; x_wconf 90' lang='lat' dir='ltr'><em>idem</em></span> <span class='ocrx_word' id='word_1_180' title='bbox 939 2731 972 2794; x_wconf 92' lang='lat' dir='ltr'><em>in</em></span> <span class='ocrx_word' id='word_1_181' title='bbox 995 2732 1029 2796; x_wconf 94' lang='lat' dir='ltr'>H</span> <span class='ocrx_word' id='word_1_182' title='bbox 1057 2732 1207 2797; x_wconf 85' lang='lat' dir='ltr'><em>mendum</em></span> <span class='ocrx_word' id='word_1_183' title='bbox 1230 2741 1294 2811; x_wconf 84' lang='lat' dir='ltr'><em>est3</em></span> 
     </span>
     <span class='ocr_line' id='line_1_25' title="bbox 167 2832 1295 2918; baseline 0.002 -22"><span class='ocrx_word' id='word_1_184' title='bbox 167 2835 307 2897; x_wconf 85' lang='lat' dir='ltr'><em>miiitiae</em></span> <span class='ocrx_word' id='word_1_185' title='bbox 330 2835 465 2898; x_wconf 86' lang='lat' dir='ltr'><em>retinuit</em></span> <span class='ocrx_word' id='word_1_186' title='bbox 487 2832 623 2915; x_wconf 79' lang='lat' dir='ltr'><em>savaro,</em></span> <span class='ocrx_word' id='word_1_187' title='bbox 646 2856 838 2918; x_wconf 83' lang='lat' dir='ltr'><em>quamquem</em></span> <span class='ocrx_word' id='word_1_188' title='bbox 861 2857 972 2898; x_wconf 87' lang='lat' dir='ltr'><em>verum</em></span> <span class='ocrx_word' id='word_1_189' title='bbox 994 2835 1087 2917; x_wconf 89' lang='lat' dir='ltr'><em>vidit,</em></span> <span class='ocrx_word' id='word_1_190' title='bbox 1111 2844 1144 2899; x_wconf 90' lang='lat' dir='ltr'><em>et</em></span> <span class='ocrx_word' id='word_1_191' title='bbox 1165 2835 1295 2899; x_wconf 82' lang='lat' dir='ltr'><em>Elmen-</em></span> 
     </span>
     <span class='ocr_line' id='line_1_26' title="bbox 168 2936 1295 3021; baseline 0.004 -22"><span class='ocrx_word' id='word_1_192' title='bbox 168 2936 328 3016; x_wconf 83' lang='lat' dir='ltr'><em>horstius3</em></span> <span class='ocrx_word' id='word_1_193' title='bbox 351 2940 492 3002; x_wconf 84' lang='lat' dir='ltr'><em>militiae</em></span> <span class='ocrx_word' id='word_1_194' title='bbox 515 2941 668 3003; x_wconf 85' lang='lat' dir='ltr'><em>uebatrici</em></span> <span class='ocrx_word' id='word_1_195' title='bbox 689 2937 773 3002; x_wconf 85' lang='lat' dir='ltr'><em>male</em></span> <span class='ocrx_word' id='word_1_196' title='bbox 795 2936 1007 3003; x_wconf 88' lang='lat' dir='ltr'><em>Wouwerius</em></span> <span class='ocrx_word' id='word_1_197' title='bbox 1025 2938 1140 3021; x_wconf 90' lang='lat' dir='ltr'><em>edidit,</em></span> <span class='ocrx_word' id='word_1_198' title='bbox 1152 2962 1218 3003; x_wconf 91' lang='lat' dir='ltr'><em>non</em></span> <span class='ocrx_word' id='word_1_199' title='bbox 1229 2963 1295 3004; x_wconf 88' lang='lat' dir='ltr'><em>me-</em></span> 
     </span>
     <span class='ocr_line' id='line_1_27' title="bbox 167 3039 1294 3127; baseline 0.003 -24"><span class='ocrx_word' id='word_1_200' title='bbox 167 3039 251 3103; x_wconf 88' lang='lat' dir='ltr'><em>liora</em></span> <span class='ocrx_word' id='word_1_201' title='bbox 273 3052 455 3106; x_wconf 81' lang='lat' dir='ltr'><em>commenta</em></span> <span class='ocrx_word' id='word_1_202' title='bbox 483 3042 656 3123; x_wconf 81' lang='lat' dir='ltr'><em>adnotans,</em></span> <span class='ocrx_word' id='word_1_203' title='bbox 674 3041 785 3127; x_wconf 81' lang='lat' dir='ltr'><em>qualis</em></span> <span class='ocrx_word' id='word_1_204' title='bbox 800 3044 851 3106; x_wconf 82' lang='lat' dir='ltr'><em>aet</em></span> <span class='ocrx_word' id='word_1_205' title='bbox 874 3045 1006 3123; x_wconf 87' lang='lat' dir='ltr'><em>acticae,</em></span> <span class='ocrx_word' id='word_1_206' title='bbox 1030 3044 1189 3120; x_wconf 81' lang='lat' dir='ltr'><em>malitias,</em></span> <span class='ocrx_word' id='word_1_207' title='bbox 1212 3057 1294 3106; x_wconf 86' lang='lat' dir='ltr'><em>cete-</em></span> 
     </span>
     <span class='ocr_line' id='line_1_28' title="bbox 167 3142 1295 3231; baseline 0.003 -26"><span class='ocrx_word' id='word_1_208' title='bbox 167 3147 299 3225; x_wconf 85' lang='lat' dir='ltr'><em>ratrici,</em></span> <span class='ocrx_word' id='word_1_209' title='bbox 322 3150 489 3210; x_wconf 81' lang='lat' dir='ltr'><em>ueratrici.</em></span> <span class='ocrx_word' id='word_1_210' title='bbox 536 3142 692 3210; x_wconf 83' lang='lat' dir='ltr'><em>Sidonius</em></span> <span class='ocrx_word' id='word_1_211' title='bbox 715 3148 765 3209; x_wconf 82' lang='lat' dir='ltr'><em>oei</em></span> <span class='ocrx_word' id='word_1_212' title='bbox 788 3146 907 3209; x_wconf 89' lang='lat' dir='ltr'><em>atticae</em></span> <span class='ocrx_word' id='word_1_213' title='bbox 930 3145 1072 3210; x_wconf 83' lang='lat' dir='ltr'><em>fortasse</em></span> <span class='ocrx_word' id='word_1_214' title='bbox 1094 3144 1168 3210; x_wconf 89' lang='lat' dir='ltr'><em>ideo</em></span> <span class='ocrx_word' id='word_1_215' title='bbox 1192 3145 1295 3231; x_wconf 91' lang='lat' dir='ltr'><em>scrip-</em></span> 
     </span>
     <span class='ocr_line' id='line_1_29' title="bbox 168 3247 1292 3330; baseline 0.001 -18"><span class='ocrx_word' id='word_1_216' title='bbox 168 3247 221 3327; x_wconf 84' lang='lat' dir='ltr'><em>sit,</em></span> <span class='ocrx_word' id='word_1_217' title='bbox 252 3256 298 3330; x_wconf 92' lang='lat' dir='ltr'><em>ut,</em></span> <span class='ocrx_word' id='word_1_218' title='bbox 332 3271 405 3313; x_wconf 85' lang='lat' dir='ltr'><em>cuns</em></span> <span class='ocrx_word' id='word_1_219' title='bbox 433 3249 558 3314; x_wconf 81' lang='lat' dir='ltr'><em>lasciva</em></span> <span class='ocrx_word' id='word_1_220' title='bbox 591 3273 657 3313; x_wconf 90' lang='lat' dir='ltr'><em>non</em></span> <span class='ocrx_word' id='word_1_221' title='bbox 686 3264 774 3312; x_wconf 85' lang='lat' dir='ltr'><em>esset</em></span> <span class='ocrx_word' id='word_1_222' title='bbox 801 3248 957 3330; x_wconf 85' lang='lat' dir='ltr'><em>narratis,</em></span> <span class='ocrx_word' id='word_1_223' title='bbox 981 3248 1145 3313; x_wconf 82' lang='lat' dir='ltr'><em>Milesium</em></span> <span class='ocrx_word' id='word_1_224' title='bbox 1177 3271 1292 3313; x_wconf 89' lang='lat' dir='ltr'><em>nomeu</em></span> 
     </span>
     <span class='ocr_line' id='line_1_30' title="bbox 166 3352 639 3440; baseline 0.004 -26"><span class='ocrx_word' id='word_1_225' title='bbox 166 3352 307 3436; x_wconf 83' lang='lat' dir='ltr'><em>quodem</em></span> <span class='ocrx_word' id='word_1_226' title='bbox 329 3352 427 3417; x_wconf 91' lang='lat' dir='ltr'><em>modo</em></span> <span class='ocrx_word' id='word_1_227' title='bbox 451 3354 639 3440; x_wconf 85' lang='lat' dir='ltr'><em>corrigeret.</em></span> 
     </span>
    </p>
   </div>
   <div class='ocr_carea' id='block_1_7' title="bbox 165 3662 1293 4060">
    <p class='ocr_par' dir='ltr' id='par_1_12' title="bbox 165 3662 1293 3957">
     <span class='ocr_line' id='line_1_31' title="bbox 268 3662 1293 3752; baseline -0.004 -23"><span class='ocrx_word' id='word_1_228' title='bbox 268 3665 331 3752; x_wconf 81' lang='lat' dir='ltr'><em>Ep.</em></span> <span class='ocrx_word' id='word_1_229' title='bbox 355 3664 426 3728; x_wconf 90' lang='lat' dir='ltr'><em>VII</em></span> <span class='ocrx_word' id='word_1_230' title='bbox 450 3666 468 3726; x_wconf 89' lang='grc'>6</span> <span class='ocrx_word' id='word_1_231' title='bbox 492 3662 595 3749; x_wconf 82' lang='lat'>(377).</span> <span class='ocrx_word' id='word_1_232' title='bbox 626 3662 735 3727; x_wconf 83' lang='lat' dir='ltr'><em>Attius</em></span> <span class='ocrx_word' id='word_1_233' title='bbox 759 3666 910 3748; x_wconf 81' lang='lat' dir='ltr'><em>inspicite</em></span> <span class='ocrx_word' id='word_1_234' title='bbox 933 3665 1159 3746; x_wconf 77' lang='lat' dir='ltr'><em>spiritualium</em></span> <span class='ocrx_word' id='word_1_235' title='bbox 1175 3662 1293 3726; x_wconf 82' lang='lat' dir='ltr'><em>damna</em></span> 
     </span>
     <span class='ocr_line' id='line_1_32' title="bbox 165 3765 1293 3852; baseline -0.004 -20"><span class='ocrx_word' id='word_1_236' title='bbox 165 3770 394 3833; x_wconf 84' lang='lat' dir='ltr'><em>nsensbrorum:</em></span> <span class='ocrx_word' id='word_1_237' title='bbox 424 3767 573 3852; x_wconf 76' lang='lat' dir='ltr'><em>profecto</em></span> <span class='ocrx_word' id='word_1_238' title='bbox 607 3769 810 3852; x_wconf 80' lang='lat' dir='ltr'><em>intebbipetis,</em></span> <span class='ocrx_word' id='word_1_239' title='bbox 843 3769 983 3851; x_wconf 24' lang='lat' dir='ltr'><em>quianti</em></span> <span class='ocrx_word' id='word_1_240' title='bbox 1010 3765 1293 3851; x_wconf 83' lang='lat' dir='ltr'><em>subripiuntur</em></span> 
     </span>
     <span class='ocr_line' id='line_1_33' title="bbox 166 3871 1239 3957; baseline -0.006 -20"><span class='ocrx_word' id='word_1_241' title='bbox 166 3874 318 3957; x_wconf 86' lang='lat' dir='ltr'><em>episcopi,</em></span> <span class='ocrx_word' id='word_1_242' title='bbox 343 3884 508 3936; x_wconf 82' lang='lat' dir='ltr'><em>tantorum</em></span> <span class='ocrx_word' id='word_1_243' title='bbox 529 3871 619 3934; x_wconf 88' lang='lat' dir='ltr'><em>uobis</em></span> <span class='ocrx_word' id='word_1_244' title='bbox 632 3873 829 3956; x_wconf 84' lang='lat' dir='ltr'><em>populorum</em></span> <span class='ocrx_word' id='word_1_245' title='bbox 844 3871 943 3952; x_wconf 84' lang='lat' dir='ltr'><em>fidem</em></span> <span class='ocrx_word' id='word_1_246' title='bbox 961 3871 1239 3955; x_wconf 81' lang='lat' dir='ltr'><em>periclitaturam.</em></span> 
     </span>
    </p>

    <p class='ocr_par' dir='ltr' id='par_1_13' title="bbox 267 3971 1292 4060">
     <span class='ocr_line' id='line_1_34' title="bbox 267 3971 1292 4060; baseline -0.004 -20"><span class='ocrx_word' id='word_1_247' title='bbox 267 3975 332 4040; x_wconf 73' lang='grc'><strong>345.</strong></span> <span class='ocrx_word' id='word_1_248' title='bbox 377 3974 502 4054; x_wconf 79' lang='lat' dir='ltr'><em>Quanti</em></span> <span class='ocrx_word' id='word_1_249' title='bbox 524 3975 752 4060; x_wconf 88' lang='lat' dir='ltr'><em>subripiuntur</em></span> <span class='ocrx_word' id='word_1_250' title='bbox 781 3973 933 4059; x_wconf 87' lang='lat' dir='ltr'><em>episcopi,</em></span> <span class='ocrx_word' id='word_1_251' title='bbox 956 3971 1044 4055; x_wconf 91' lang='lat' dir='ltr'><em>quod</em></span> <span class='ocrx_word' id='word_1_252' title='bbox 1067 3972 1106 4036; x_wconf 84' lang='lat' dir='ltr'><em>eb</em></span> <span class='ocrx_word' id='word_1_253' title='bbox 1131 3972 1292 4052; x_wconf 89' lang='lat' dir='ltr'><em>amnibus,</em></span> 
     </span>
    </p>
   </div>
   <div class='ocr_carea' id='block_1_8' title="bbox 164 4073 1293 4368">
    <p class='ocr_par' dir='ltr' id='par_1_14' title="bbox 164 4073 1293 4368">
     <span class='ocr_line' id='line_1_35' title="bbox 165 4073 1292 4164; baseline -0.003 -22"><span class='ocrx_word' id='word_1_254' title='bbox 165 4079 252 4164; x_wconf 91' lang='lat' dir='ltr'><em>quod</em></span> <span class='ocrx_word' id='word_1_255' title='bbox 276 4078 388 4159; x_wconf 85' lang='lat' dir='ltr'><em>sciam,</em></span> <span class='ocrx_word' id='word_1_256' title='bbox 405 4078 586 4143; x_wconf 85' lang='lat' dir='ltr'><em>editoribus</em></span> <span class='ocrx_word' id='word_1_257' title='bbox 611 4077 774 4157; x_wconf 88' lang='lat' dir='ltr'><em>scribitur,</em></span> <span class='ocrx_word' id='word_1_258' title='bbox 802 4075 1018 4139; x_wconf 83' lang='lat' dir='ltr'><em>recentiorum</em></span> <span class='ocrx_word' id='word_1_259' title='bbox 1044 4073 1194 4138; x_wconf 82' lang='lat' dir='ltr'><em>codicum</em></span> <span class='ocrx_word' id='word_1_260' title='bbox 1217 4076 1292 4139; x_wconf 88' lang='lat' dir='ltr'><em>niti-</em></span> 
     </span>
     <span class='ocr_line' id='line_1_36' title="bbox 165 4176 1291 4266; baseline 0 -22"><span class='ocrx_word' id='word_1_261' title='bbox 165 4189 218 4245; x_wconf 92' lang='lat' dir='ltr'><em>tur</em></span> <span class='ocrx_word' id='word_1_262' title='bbox 240 4181 314 4246; x_wconf 89' lang='lat' dir='ltr'><em>fide.</em></span> <span class='ocrx_word' id='word_1_263' title='bbox 359 4182 400 4245; x_wconf 92' lang='lat' dir='ltr'><em>In</em></span> <span class='ocrx_word' id='word_1_264' title='bbox 422 4180 453 4246; x_wconf 88' lang='lat' dir='ltr'><strong>R</strong></span> <span class='ocrx_word' id='word_1_265' title='bbox 475 4189 508 4245; x_wconf 88' lang='lat' dir='ltr'><em>et</em></span> <span class='ocrx_word' id='word_1_266' title='bbox 531 4181 557 4244; x_wconf 84' lang='lat' dir='ltr'>Z</span> <span class='ocrx_word' id='word_1_267' title='bbox 579 4182 626 4246; x_wconf 84' lang='lat' dir='ltr'><em>ite</em></span> <span class='ocrx_word' id='word_1_268' title='bbox 649 4180 808 4266; x_wconf 90' lang='lat' dir='ltr'><em>scriptum</em></span> <span class='ocrx_word' id='word_1_269' title='bbox 836 4185 902 4256; x_wconf 84' lang='lat' dir='ltr'><em>est3</em></span> <span class='ocrx_word' id='word_1_270' title='bbox 929 4179 1007 4241; x_wconf 90' lang='lat' dir='ltr'><em>item</em></span> <span class='ocrx_word' id='word_1_271' title='bbox 1030 4176 1174 4241; x_wconf 87' lang='lat' dir='ltr'><em>secunde</em></span> <span class='ocrx_word' id='word_1_272' title='bbox 1196 4203 1291 4244; x_wconf 82' lang='lat' dir='ltr'><em>manu</em></span> 
     </span>
     <span class='ocr_line' id='line_1_37' title="bbox 164 4281 1293 4368; baseline -0.003 -19"><span class='ocrx_word' id='word_1_273' title='bbox 164 4287 198 4349; x_wconf 92' lang='lat' dir='ltr'><em>in</em></span> <span class='ocrx_word' id='word_1_274' title='bbox 220 4284 255 4350; x_wconf 93' lang='lat' dir='ltr'>H</span> <span class='ocrx_word' id='word_1_275' title='bbox 278 4285 381 4349; x_wconf 85' lang='lat' dir='ltr'><em>cresis</em></span> <span class='ocrx_word' id='word_1_276' title='bbox 404 4283 540 4349; x_wconf 88' lang='lat' dir='ltr'><em>totidem</em></span> <span class='ocrx_word' id='word_1_277' title='bbox 563 4285 631 4349; x_wconf 88' lang='lat' dir='ltr'><em>fere</em></span> <span class='ocrx_word' id='word_1_278' title='bbox 652 4283 783 4366; x_wconf 84' lang='lat' dir='ltr'><em>litteris,</em></span> <span class='ocrx_word' id='word_1_279' title='bbox 813 4283 848 4347; x_wconf 91' lang='lat' dir='ltr'><em>in</em></span> <span class='ocrx_word' id='word_1_280' title='bbox 882 4285 997 4368; x_wconf 82' lang='lat' dir='ltr'><em>quanti</em></span> <span class='ocrx_word' id='word_1_281' title='bbox 1019 4284 1161 4346; x_wconf 85' lang='lat' dir='ltr'><em>antemi</em></span> <span class='ocrx_word' id='word_1_282' title='bbox 1182 4281 1293 4346; x_wconf 83' lang='lat' dir='ltr'><em>littere</em></span> 
     </span>
    </p>
   </div>
   <div class='ocr_carea' id='block_1_9' title="bbox 1173 4421 1189 4476">
    <p class='ocr_par' dir='ltr' id='par_1_15' title="bbox 1173 4421 1189 4476">
     <span class='ocr_line' id='line_1_38' title="bbox 1173 4421 1189 4476; baseline 0 0"><span class='ocrx_word' id='word_1_283' title='bbox 1173 4421 1189 4476; x_wconf 78' lang='lat'>7</span> 
     </span>
    </p>
   </div>
   <div class='ocr_carea' id='block_1_10' title="bbox 0 0 1598 4900">
    <p class='ocr_par' dir='ltr' id='par_1_16' title="bbox 0 0 1598 4900">
     <span class='ocr_line' id='line_1_39' title="bbox 0 0 1598 4900; baseline 0 2"><span class='ocrx_word' id='word_1_284' title='bbox 0 0 1598 4900; x_wconf 95' lang='lat' dir='ltr'><em> </em></span> 
     </span>
    </p>
   </div>
  </div>
 </body>
</html>
