3186 4900
311 195 352 262 68

265 391 363 472 plites
387 390 552 466 delicatos,
577 411 675 453 crore
699 411 825 469 cornea,
848 393 970 456 vitreos
993 393 1087 472 talos,
1107 415 1227 478 porcos
1261 391 1394 476 diqitos,

262 493 361 582 pedes
383 493 534 577 prandes.
640 551 641 554 ,

369 596 434 662 234.
477 596 601 688 Arcam
624 618 662 660 ex
684 596 716 662 A
741 595 854 660 codice
877 596 948 660 sine
971 595 1070 661 dubio
1100 597 1305 662 scribendum
1328 606 1394 676 est3

267 697 300 762 id
324 721 360 762 ex
385 699 609 784 manuscripto
634 698 777 764 Achillis
802 696 902 764 Statii
925 698 1032 763 adfert
1055 695 1192 782 Severo,
1207 724 1245 764 ex
1265 700 1394 766 duobus

267 802 360 866 libris
382 798 605 884 WouweriuS,
628 824 731 887 neque
758 811 866 866 temen
894 802 1066 887 quisquam
1088 825 1198 868 veram
1222 803 1394 868 lectionem

269 904 362 968 alteri
397 927 508 969 orcam
530 905 696 991 praetulit,
718 928 814 991 quam
837 928 874 969 ex
911 904 944 970 H
955 905 1024 970 RZ
1038 906 1069 972 V
1082 905 1114 970 U
1126 907 1163 972 X
1174 905 1207 970 Y
1229 906 1394 971 adnotavi.

268 1005 362 1072 Haec
396 1008 447 1072 vel
482 1008 555 1072 ideo
591 1008 756 1094 displicet,
789 1008 877 1093 quod
916 1031 982 1072 non
1021 1013 1141 1074 teritur
1170 1031 1258 1090 orco,
1292 1031 1394 1093 neque

267 1119 355 1176 recte
380 1106 505 1175 Severo
529 1134 580 1196 ep.
609 1112 669 1177 12
694 1113 785 1199 (176)
808 1103 920 1177 orcam
943 1113 1036 1177 dorsi
1058 1114 1213 1178 humilior
1235 1117 1322 1176 inter
1345 1135 1396 1177 ec-

269 1228 431 1279 crementa
467 1227 628 1279 costarum
652 1218 746 1301 spina
770 1216 978 1280 discriminat
1006 1224 1184 1302 comparat.
1229 1217 1333 1282 Immo
1356 1239 1395 1280 ex

267 1317 331 1382 hoc
364 1318 450 1400 loco,
473 1319 528 1383 ubi
553 1341 625 1382 oum
649 1318 713 1382 alie
735 1317 838 1382 multa
861 1318 1006 1384 eiusdem
1039 1319 1168 1406 generis
1203 1341 1395 1384 commemo-

267 1430 380 1486 rantur
418 1429 485 1485 tnm
509 1443 645 1507 prorsus
669 1421 793 1503 eadent,
817 1430 854 1486 ut
881 1438 986 1488 costae
1009 1432 1042 1487 et
1064 1426 1172 1506 spina,
1195 1422 1395 1498 simillimum

267 1525 401 1589 verbum
424 1547 609 1611 supponere
637 1524 790 1589 librarios
820 1548 883 1590 non
913 1526 1007 1612 fugit.
1053 1523 1176 1591 Gallici
1199 1526 1394 1611 interpretes

269 1629 353 1692 male
388 1629 436 1692 sio
469 1635 616 1692 vertunt:
651 1635 684 1692 et
717 1651 778 1712 qne
817 1629 885 1692 dire
908 1629 949 1693 de
973 1652 1034 1694 son
1057 1629 1127 1708 dos,
1151 1629 1191 1692 de
1215 1652 1275 1692 son
1299 1627 1395 1712 epine

267 1729 472 1797 verttbrale?
520 1727 727 1815 Quoiqu’elle
758 1735 838 1816 jette
872 1731 930 1796 des
965 1736 1056 1797 cotes
1085 1755 1169 1818 pour
1200 1732 1331 1797 oouvrir
1359 1753 1396 1794 sa

267 1835 420 1920 poitrine,
455 1841 539 1898 cette
580 1833 758 1920 oharpente
794 1857 929 1899 osseuse
962 1838 1154 1900 neanmoins
1189 1845 1239 1900 est
1273 1857 1395 1898 oonnne

267 1936 407 2001 inondee
431 1959 491 2022 par
513 1936 543 2001 le
565 1935 801 2002 dehordernent
823 1937 862 2000 de
885 1938 1077 2003 l'abdomen.
1121 1939 1173 2002 De
1191 1961 1270 2002 orca
1286 1950 1395 2022 pecto-

268 2047 317 2106 ris
341 2042 391 2106 cfr
417 2042 556 2107 Vensnt.
579 2041 671 2106 Fort.
696 2042 762 2128 (ed.
785 2042 888 2107 Leon.
912 2040 1022 2106 Berol.
1049 2044 1144 2127 1881)
1169 2066 1265 2106 carin.
1280 2041 1331 2105 IV
1348 2045 1395 2121 ll,

269 2149 287 2209 4
312 2149 403 2211 coice
428 2166 550 2229 semper
574 2145 669 2208 lcabct
688 2148 871 2230 pectoris
900 2167 994 2210 arca
1017 2147 1109 2211 tecm
1132 2153 1165 2210 et
1191 2144 1264 2210 VII
1297 2145 1326 2224 8,
1355 2145 1395 2210 36

268 2252 411 2336 pectoris
421 2233 514 2313 ’orca
528 2249 575 2334 (in
588 2247 715 2313 duobus
739 2249 909 2314 codicibus
928 2258 979 2313 est
995 2249 1101 2337 arcto)
1116 2257 1211 2333 atque
1226 2248 1282 2311 vit.
1295 2247 1395 2310 Mart.

268 2352 370 2439 praef.
390 2376 419 2415 v.
433 2353 473 2416 33
488 2353 671 2416 Martioccoc
695 2352 737 2415 acl
761 2352 1002 2432 sidercootom,
1027 2375 1095 2416 cont
1118 2357 1183 2416 sint
1206 2364 1280 2416 cota
1302 2351 1395 2430 milti,

268 2479 332 2520 nco
355 2458 441 2520 calet
464 2477 558 2518 arco
583 2456 679 2539 loqui.
724 2453 850 2519 Eodem
868 2454 964 2519 modo
989 2467 1136 2520 cratem
1161 2459 1304 2540 pectoris
1327 2477 1395 2517 sae·

268 2561 404 2646 pissime
427 2559 540 2624 dicunt
562 2557 742 2643 scriptores
758 2557 852 2622 latini
869 2567 902 2622 et
916 2558 1052 2642 antiqui,
1069 2566 1105 2622 ut
1116 2558 1286 2644 Vergilius
1299 2556 1394 2642 (Aen.

267 2662 342 2728 XII
365 2663 454 2749 508),
483 2670 515 2725 et
546 2661 774 2741 recentissimi,
797 2669 833 2724 ut
856 2657 995 2747 Gregor.
1019 2661 1096 2726 Tur.
1120 2660 1195 2725 hist.
1220 2661 1338 2725 Frano.
1361 2659 1396 2723 X

271 2767 310 2830 14
339 2772 419 2828 extr.
445 2764 621 2850 confractis
646 2765 767 2830 ossibus
791 2777 820 2828 et
845 2777 932 2828 crate
949 2768 1104 2851 pectoris.

371 2869 436 2933 235.
482 2865 627 2946 osseum,
656 2868 744 2952 quod
767 2868 802 2930 in
824 2869 857 2934 V
879 2869 1021 2953 repperi,
1049 2892 1085 2932 ex
1110 2865 1288 2952 Bongarsii
1311 2865 1395 2930 libro

270 2966 410 3038 Oolvius
445 2971 555 3036 attulit
589 3011 627 3020 -
663 2972 698 3035 in
728 2971 763 3036 H
796 2972 896 3036 verbo
926 2975 1045 3036 ossium
1071 2970 1205 3051 recenti,
1233 2969 1266 3032 ni
1289 2967 1396 3048 fallor,

268 3098 364 3140 manu
389 3075 649 3160 superscriptum
673 3082 725 3139 est
746 3097 766 3160 y
787 3114 839 3155 —,
863 3074 917 3138 vix
941 3073 1176 3138 admittendum
1199 3072 1337 3135 videtur.

370 3179 435 3244 2311.
480 3178 678 3244 Lcocborom
711 3187 744 3242 et
777 3181 1011 3264 corpolentiam
1039 3178 1073 3241 in
1095 3178 1128 3240 A
1151 3176 1222 3240 solo
1246 3183 1397 3258 transpo-

268 3290 398 3347 nuntur.

371 3386 435 3451 231.
481 3384 531 3450 Ac
555 3384 676 3470 scripsi
700 3406 738 3449 ex
761 3384 879 3464 AHV3
902 3396 932 3449 et
955 3384 1098 3450 editores
1122 3382 1249 3448 habent.

371 3694 555 3780 Ep.1V4
590 3695 693 3780 (265).
739 3695 841 3779 Saepe
876 3715 945 3757 conc
973 3694 1031 3758 lcoc
1053 3694 1151 3772 scria,
1180 3713 1271 3776 sccpc
1299 3693 1396 3756 etiam

269 3801 342 3862 ioca
379 3801 505 3862 miscui.
564 3793 701 3885 Cumque
742 3798 859 3862 abhinc
898 3807 987 3862 retro
1026 3800 1154 3861 iooeocs
1188 3817 1324 3872 cranaos,
1361 3797 1395 3856 in

265 3903 338 3988 pilo
360 3905 395 3965 io
419 3904 557 3981 tesseris,
587 3901 724 3966 saltibus
753 3923 857 3981 corso,
885 3913 1026 3966 cenato
1048 3912 1163 3965 natatu
1186 3912 1298 3963 sancta
1320 3919 1397 3962 scm·

263 4027 326 4092 pcr
349 4004 511 4085 ambobus,
536 4009 612 4093 occia
634 4019 780 4071 manente
805 4009 954 4088 caritate,
979 4007 1148 4070 contentio.
1193 4002 1297 4066 Milti
1320 4004 1397 4089 qui-

268 4110 350 4174 dem
372 4112 504 4174 maior
529 4110 567 4174 tt
575 4133 589 4174 c
611 4123 701 4191 notu,
725 4122 850 4175 tantum
875 4121 980 4174 tomen
1001 4120 1038 4174 ot
1060 4129 1129 4174 conc
1156 4127 1220 4170 noo
1243 4116 1310 4170 tam
1339 4105 1397 4168 lto-

267 4216 413 4276 ncrari
447 4233 568 4279 necesse
603 4225 692 4295 esset,
716 4235 810 4300 quom
844 4215 1015 4280 delectaret
1051 4213 1190 4276 imitari.
1237 4206 1345 4274 Simul
1367 4219 1396 4272 et
