3172 4908
316 254 335 314 4

274 439 515 526 periacentibus
550 436 695 504 crinibus
730 438 933 523 operiuntur,
957 445 1091 502 tonsore
1124 459 1185 524 pro
1222 435 1403 502 reverentia

273 541 405 629 imperii
438 541 526 627 pilos
560 541 681 627 capitis
705 549 739 606 et
760 562 917 627 genarum
945 539 1080 605 assidua
1113 539 1299 606 succisione
1332 560 1403 602 our-

273 652 374 710 taute.
419 641 528 710 Orbas
551 643 721 709 oculorum
751 643 840 708 acuti
867 651 902 708 et
923 643 1143 730 perspicaces,
1172 664 1272 708 nauus
1305 663 1404 706 venu-

274 755 356 828 stus,
379 747 481 814 barba
504 747 649 828 subrufa,
671 745 765 813 labra
793 745 927 812 subtilia
949 768 1010 812 neo
1032 745 1160 810 dilatati
1183 746 1251 810 oris
1274 744 1402 832 angulis

274 850 440 936 ampliata,
474 857 607 934 totaque
641 848 743 914 facies
777 847 866 913 laeta
896 857 930 912 et
952 847 1077 912 hilaris.
1121 847 1280 914 Dentium
1302 847 1402 912 series

275 952 428 1018 ordinata
450 953 580 1018 niveum
602 951 747 1016 colorem
770 958 1020 1037 repraesentant
1037 951 1131 1035 (nont
1155 952 1404 1037 repraesentat).

274 1051 429 1120 Gutturis
452 1062 486 1118 et
507 1052 586 1118 colli
607 1076 674 1118 non
697 1053 800 1135 obesi,
824 1053 882 1119 scd
903 1075 1079 1140 parumper
1102 1052 1284 1120 succulenti
1299 1051 1405 1118 lactea

275 1158 361 1223 cutis
384 1166 521 1242 atquae
554 1157 689 1223 iuvenili
717 1156 838 1223 rubore
867 1155 1084 1237 suffundatur,
1107 1178 1243 1242 eumque
1265 1155 1315 1220 illi
1337 1178 1405 1220 ore·

275 1259 335 1324 bro
360 1260 504 1325 colorem
525 1282 592 1325 non
614 1260 674 1342 ira,
698 1259 757 1324 sed
774 1259 975 1326 verecundia
997 1258 1105 1325 facit.”
1141 1261 1193 1326 Ex
1217 1259 1334 1344 quibus
1356 1259 1406 1322 ni·

275 1361 323 1428 bil
356 1361 399 1427 ad
432 1371 542 1428 cetera
576 1358 707 1428 Sidonii
741 1363 842 1428 verba
876 1361 1078 1428 emendanda
1112 1362 1235 1428 hauriri
1267 1361 1404 1448 poterit;

274 1465 374 1530 etiam
408 1465 459 1530 his
493 1487 576 1550 quae
610 1473 787 1530 tractamus
821 1464 1028 1530 illustrandis
1062 1488 1139 1530 num
1171 1464 1250 1550 quid
1281 1464 1406 1530 adsera-

275 1576 328 1632 tur
361 1568 485 1634 dubito.
530 1569 640 1653 Atque
667 1568 702 1633 id
730 1568 861 1653 quidem
895 1577 1034 1655 apparet
1066 1577 1133 1634 tam
1165 1567 1270 1633 multa
1301 1568 1406 1632 imita-

275 1679 380 1736 torem
413 1668 581 1736 addidisse
610 1671 729 1755 ipsum,
751 1680 789 1736 ut
809 1671 908 1736 etiam
941 1670 1024 1735 illud
1051 1673 1197 1736 dentircm
1225 1673 1324 1736 series
1353 1693 1406 1734 or·

276 1774 392 1838 dinato
415 1776 544 1838 niueum
580 1775 719 1838 colorem
753 1785 1002 1860 repraesentant
1033 1775 1221 1860 excogitare
1252 1773 1405 1860 potuerit.

276 1875 381 1942 Immo
403 1874 520 1940 melius
542 1873 577 1938 id
600 1884 651 1940 est
682 1897 779 1959 quarn
811 1875 900 1960 quod
927 1899 947 1940 a
977 1873 1117 1942 Sidonio
1152 1877 1311 1962 scriptum
1333 1897 1406 1940 esse

276 1978 475 2044 existimant.
519 1977 608 2042 Nam
640 1977 720 2062 quid
742 1976 806 2044 hoc
828 1986 894 2044 est:
929 2001 1020 2045 casu
1041 1983 1275 2064 prominere
1297 1979 1405 2044 denter

277 2088 311 2146 et
343 2089 411 2144 tum
438 2082 630 2165 protinus
657 2083 786 2146 niueum
808 2083 947 2146 colorem
980 2081 1248 2168 repraesentare?
1290 2081 1343 2146 Ao
1365 2103 1406 2146 ne

277 2181 545 2270 repraesentandi
567 2182 708 2267 ⁴quidem
735 2182 871 2248 verbum
904 2183 1018 2248 eodem
1045 2183 1158 2248 iures
1187 2179 1325 2248 Sidonio
1359 2191 1407 2256 at-

276 2309 340 2370 que
363 2309 382 2349 a
404 2285 526 2350 saeculi
549 2285 734 2352 duodecimi
758 2286 921 2372 scriptore
942 2286 1005 2352 hac
1028 2287 1191 2354 sententia
1206 2285 1330 2352 dictum
1346 2308 1407 2372 pu-

277 2387 413 2453 tandum
446 2397 506 2452 est.
549 2387 646 2452 Nihil
674 2387 749 2453 dico
773 2386 813 2452 dc
836 2390 920 2474 ipsa,
942 2387 1031 2473 quod
1053 2411 1120 2453 non
1143 2387 1311 2453 ferendum
1333 2409 1406 2454 esse

279 2487 474 2556 Sirmondus
504 2490 649 2556 sensisse
676 2491 802 2576 primus
829 2489 971 2556 videtur.
1012 2491 1088 2578 Ego
1110 2514 1188 2556 vero
1212 2499 1317 2557 toturn
1343 2491 1426 2556 hoc'

277 2591 451 2660 delendum
485 2615 559 2658 esse
592 2593 743 2658 existimo
778 2616 817 2658 ex
849 2592 1031 2681 Ragewino
1066 2593 1275 2660 inculcatum.
1321 2595 1407 2660 Pro-

277 2700 399 2762 mineat
433 2695 587 2762 falsarius
621 2717 661 2760 ex
692 2696 736 2760 iis
765 2718 847 2780 quae
876 2695 962 2782 apud
985 2695 1202 2783 Ragewinnm
1229 2705 1408 2780 sequuntur

215 2850 218 2856 .
278 2800 405 2866 numeri
427 2801 599 2885 paulisper
626 2801 852 2884 prominentes
885 2799 1029 2864 fortasse
1062 2799 1215 2885 arripuit3
1247 2799 1283 2864 iu
1309 2799 1344 2863 H
1375 2807 1408 2862 et

278 2901 307 2967 F
341 2901 493 2968 codicum
525 2901 729 2988 marginibus
763 2910 797 2968 et
830 2902 864 2966 in
892 2901 1009 2966 codice
1031 2897 1152 2968 Ortelii
1176 2901 1255 2988 (vid.
1277 2901 1409 2966 Elmen-

278 3004 382 3078 horst.
406 3004 456 3069 ed.
479 3027 557 3092 pag.
579 3005 657 3092 496)
682 3003 725 3068 ad
746 3004 848 3069 verba
865 3000 996 3068 Sidonii
1019 3005 1183 3068 recedente
1206 3007 1278 3070 alvo
1295 3015 1408 3088 pectus

278 3109 430 3174 accedeus
453 3094 653 3172 adscribitur·
675 3109 725 3172 ael
743 3110 944 3192 prominens,
972 3113 1007 3172 et
1027 3106 1127 3192 paulo
1149 3113 1229 3192 post
1250 3102 1407 3171 Sidonius

278 3213 351 3299 ipse
373 3202 525 3276 musculis
544 3211 809 3295 prominentibus
831 3209 939 3276 habet.

382 3315 426 3378 t..
453 3311 649 3397 Forpicibus
672 3333 712 3376 ex
735 3311 898 3378 AHRF
921 3313 969 3397 (in
988 3312 1051 3377 hoc
1079 3321 1187 3378 tamen
1207 3334 1321 3377 rasura
1342 3314 1407 3398 est)

277 3417 308 3482 L
332 3416 470 3502 scripsi3
493 3415 543 3480 cfr
564 3437 647 3500 quae
669 3414 778 3501 deep.
804 3415 855 3480 IV
875 3416 914 3481 13
937 3414 1088 3482 dicentur
1109 3423 1143 3480 et
1155 3417 1288 3502 forpice
1311 3437 1408 3480 carm.

281 3522 331 3601 15,
356 3521 417 3586 184
440 3519 546 3604 (556).

382 3622 409 3688 ὅ.
455 3623 624 3702 Suculenti
645 3642 712 3686 non
736 3620 844 3686 solnm
866 3621 900 3684 in
922 3620 961 3702 F,
984 3620 1172 3702 sedetiam,
1196 3621 1230 3684 ni
1252 3619 1359 3701 fallor,
1374 3618 1409 3684 in

279 3726 312 3790 A
335 3733 500 3790 servatum
523 3731 583 3788 est.
627 3723 680 3787 Ex
703 3723 738 3787 H
762 3727 937 3790 succulenti
959 3723 1124 3788 adnotavi.

380 4031 640 4119 Ep.12(176).
673 4029 714 4096 Si
737 4035 894 4097 actionem
916 4033 1110 4112 diurnam,
1134 4053 1213 4118 puae
1236 4043 1283 4097 est
1296 4033 1412 4119 forin-

279 4157 366 4202 secus
400 4138 557 4221 reposita,
585 4137 786 4221 perquiras:
819 4139 1024 4202 antelucanos
1058 4135 1259 4200 sacerdotum
1280 4156 1412 4200 saonem

280 4251 385 4306 coetus
408 4239 542 4303 minimo
569 4241 724 4305 comitatu
748 4244 877 4326 repetit,
899 4240 1025 4326 prandi
1042 4240 1211 4304 sedulitate
1227 4251 1412 4314 ueneratur,-
