3172 4908
327 287 369 351 20

284 473 360 538 lano
390 474 503 539 codice
530 473 740 560 repperisset,
764 498 783 538 a
806 469 945 538 Sidonio
969 474 1128 560 scriptum
1157 497 1230 540 esse
1254 475 1317 540 sibi
1340 497 1415 561 per-

286 578 400 660 suasit,
422 578 670 664 pubernationis
694 617 730 627 -
756 576 843 660 quod
872 585 924 642 est
955 577 989 640 in
1018 577 1346 643 AHRZbVUY
1373 619 1414 628 —

285 703 323 748 ex
358 681 504 765 sequenti
538 681 733 766 pubernaeit
762 705 780 744 a
808 680 951 746 librariis
985 679 1070 744 falso
1101 681 1255 767 positum.
1301 681 1416 745 Potuit

286 784 356 848 sine
390 784 490 849 dubio
526 781 683 848 Sidonius
717 783 780 848 hoc
814 783 888 848 loco
916 783 957 848 de
980 784 1203 848 damnationis
1226 783 1279 849 vel
1300 786 1412 870 potius

284 889 438 952 iudicii
471 888 586 951 ordine
620 887 782 973 cogitare,
817 886 875 950 sed
908 909 945 950 ea
974 887 1048 973 ipsa
1076 909 1158 969 quae
1193 887 1342 972 proxime
1366 911 1415 952 se-

285 999 427 1075 quuntur
450 990 537 1054 haud
555 990 662 1054 minus
686 998 761 1074 apte
781 988 890 1053 verbis
909 991 1156 1074 pebernationis
1179 993 1326 1054 ordinem
1350 991 1416 1076 sig-

285 1095 407 1158 nificat.
452 1091 574 1158 Gallici
609 1093 803 1176 interpretes
839 1094 949 1156 nescio
979 1116 1020 1156 an
1048 1103 1135 1157 recte
1169 1094 1215 1157 its
1242 1094 1414 1158 verterint:

286 1205 320 1260 tu
345 1220 394 1264 mc
417 1195 591 1260 demandes
603 1194 709 1278 quelle
722 1218 739 1257 a
753 1197 806 1257 ete
826 1217 862 1258 sa
880 1196 1023 1259 muniere
1041 1196 1082 1260 de
1099 1219 1292 1282 gouverner.
1316 1192 1414 1276 Quod

286 1300 386 1385 paulo
411 1307 489 1386 post
511 1297 669 1383 scripturn
692 1305 743 1362 est
764 1298 968 1385 pubernceit‚
993 1322 1054 1385 ego
1079 1300 1124 1362 nil
1147 1322 1267 1381 moror,
1290 1301 1344 1385 qui
1368 1299 1417 1364 vi·

285 1403 388 1467 derim
412 1401 544 1486 saepius
568 1425 587 1462 a
609 1401 660 1464 vel
684 1401 908 1467 eademverba
927 1399 1066 1466 Sidonio
1089 1404 1193 1488 repeti
1217 1401 1315 1466 nullis
1344 1426 1415 1466 ora·

286 1506 387 1570 tionis
400 1506 599 1569 ornamentis
612 1505 781 1588 quaesitis,
793 1513 829 1568 ut
844 1506 876 1568 in
891 1529 941 1590 ep.
955 1506 992 1570 Il
1005 1507 1035 1586 6,
1054 1530 1135 1590 quae
1147 1507 1341 1570 brevissima
1354 1515 1414 1586 est,

286 1611 380 1694 (219)
404 1613 440 1672 in
474 1610 564 1672 bone
600 1613 781 1694 ouirrsqne
815 1609 1009 1674 adsciscitur
1039 1613 1203 1674 amicitias
1232 1619 1265 1674 et
1292 1611 1330 1673 de
1354 1630 1413 1696 quo

286 1715 379 1777 boni
403 1716 544 1798 quique
569 1713 650 1775 bonu
675 1732 812 1797 quaeque
835 1713 1063 1776 iudicauerunt
1087 1722 1119 1777 et
1141 1714 1242 1798 ep.II
1268 1715 1413 1798 11(·216)

285 1837 384 1903 neque
406 1821 475 1878 iem
503 1817 619 1879 sernel
651 1817 751 1878 missu
774 1815 993 1899 fundamenta
1021 1825 1054 1880 et
1075 1815 1173 1901 paulo
1199 1825 1276 1901 post
1299 1817 1413 1880 sernel

286 1921 454 1995 devinctis,
489 1933 681 2001 quamquam
715 1917 748 1980 in
784 1917 845 1980 hec
874 1917 1017 2002 epistula
1044 1918 1125 1983 duas
1154 1941 1207 1982 res
1230 1920 1338 2002 quinis
1362 1919 1422 1988 vel,

287 2024 374 2086 senis
408 2019 752 2086 circumlocutionibus
787 2019 1027 2101 dissimillimis
1051 2021 1169 2104 quibus
1199 2021 1310 2085 eadem
1346 2023 1413 2086 fere

287 2125 524 2210 significantur,
537 2123 693 2209 repetitas
716 2122 877 2208 legentem
900 2131 933 2186 et
949 2123 1120 2186 admiratio
1143 2123 1301 2206 quaedam
1326 2126 1415 2210 capit

286 2236 319 2292 et
341 2227 493 2292 taedium.
538 2218 601 2290 Ofr
628 2246 710 2308 quae
739 2249 813 2311 pag.
838 2227 857 2290 8
891 2225 959 2288 dixi
988 2225 1028 2288 ad
1053 2249 1104 2310 ep.
1127 2226 1144 2290 I
1169 2226 1413 2313 suspendere

286 2332 320 2394 in
343 2315 511 2418 splendore
537 2353 556 2392 a
577 2328 722 2394 librariis
746 2334 880 2391 mutato.

389 2469 434 2533 55.
479 2466 668 2554 Sequentene
690 2488 750 2551 pro
775 2477 1012 2550 consequentem
1023 2463 1234 2532 Wouwerius
1253 2491 1311 2552 per
1328 2491 1415 2530 erro·

286 2595 354 2635 rem
377 2571 518 2635 fortasse
542 2569 686 2655 scripsit.

389 2709 434 2773 56.
479 2708 545 2772 Pro
570 2711 707 2772 oonsilio
734 2710 856 2771 rimari
883 2716 962 2792 puto
997 2706 1203 2771 scribendum
1237 2729 1310 2771 esse
1343 2725 1416 2771 con-

287 2813 365 2876 silia
397 2813 558 2890 nnircri,
592 2810 680 2894 quod
714 2833 806 2874 nemo
832 2810 965 2896 negabit
998 2811 1107 2895 aptius
1141 2809 1217 2873 huic
1238 2809 1314 2874 loco
1338 2834 1415 2875 con-

287 2914 399 2977 venire
422 2921 455 2976 ct
478 2935 550 2977 cunr
572 2911 723 2977 Arvandi
745 2914 902 2995 moribuS,
925 2912 1036 2996 quales
1060 2935 1116 2976 eos
1141 2912 1299 2976 describit
1319 2909 1415 2976 Sido-

287 3017 371 3097 niae,
394 3015 509 3079 melius
541 3038 731 3101 congruere,
754 3016 946 3100 praesertim
974 3037 1046 3079 cum
1074 3015 1172 3099 paulo
1196 3023 1274 3100 post
1297 3016 1415 3079 amico-

287 3142 357 3183 rum
391 3117 532 3182 consilia
565 3118 711 3182 insolens
744 3118 800 3181 ille
830 3118 995 3202 sprevisse
1030 3125 1188 3181 narretur.
1233 3119 1323 3181 Male
1351 3119 1415 3181 lroc

287 3221 387 3287 vertit
409 3221 577 3307 Fertigius
601 3220 689 3306 (libr.
714 3240 828 3284 comm.
847 3243 922 3306 pag.
944 3221 1013 3306 18):
1037 3243 1071 3282 er
1095 3228 1237 3305 spottete
1260 3220 1318 3284 der
1334 3222 1415 3285 Mit-

287 3325 477 3411 theilungen
495 3323 598 3405 Aller,
615 3323 747 3404 leuerte,
768 3323 937 3408 spionirte,
949 3323 1132 3386 versiiumte
1156 3323 1267 3387 seinen
1279 3324 1415 3402 Dienst3

287 3453 361 3494 nam
385 3428 426 3492 ad
449 3427 558 3516 officia
580 3450 707 3512 quoque
732 3429 874 3492 omnium
896 3425 1056 3490 referatur
1079 3448 1212 3490 necesse
1235 3436 1295 3491 est.

389 3567 437 3631 57.
484 3564 748 3645 Consurrectum,
771 3563 858 3649 quod
881 3586 920 3626 ex
942 3563 977 3627 H
999 3572 1032 3626 et
1056 3563 1075 3627 b
1099 3563 1263 3644 adnotavi,
1288 3560 1414 3628 Savaro

287 3667 433 3754 recipere
462 3689 528 3731 non
558 3667 680 3732 debuit.
724 3665 859 3730 Usitata
887 3673 957 3729 erat
979 3665 1065 3750 apud
1093 3673 1218 3728 veteres
1243 3688 1415 3732 occurren-

288 3771 368 3836 tium
402 3770 732 3856 prosequentiumque
754 3768 859 3834 turba.
903 3769 949 3834 Et
971 3770 1168 3832 occursionis
1190 3769 1290 3835 verbo
1318 3765 1415 3834 Sido-

288 3874 363 3938 nius
385 3872 612 3938 salutationem
636 3872 802 3959 significat
824 3872 897 3937 Vll
923 3872 961 3934 10
984 3872 1077 3957 (379)
1101 3883 1243 3957 superest
1265 3884 1302 3936 nt
1325 3876 1415 3937 solli·

288 3981 351 4041 cito
387 3979 574 4041 veneratori
597 3979 721 4062 culpans
744 3997 843 4040 rurae
878 3975 1123 4039 occursionis
1146 3975 1325 4060 indulpecs,
1349 3998 1413 4058 quo

287 4079 361 4143 loco
382 4079 522 4144 Baretus
546 4079 635 4144 solus
660 4081 859 4144 occursionis
883 4078 1028 4163 scripsit.
