3186 4900
1232 273 1272 337 79

288 462 351 548 Ep.
375 461 426 528 IV
451 463 493 526 20
516 463 620 548 (276).
666 457 822 525 Sidonius
853 460 1057 525 Domnilio
1086 484 1141 525 suo
1170 464 1314 527 salutans.

190 562 249 646 Tu,
277 570 329 630 oui
346 568 539 654 frequenter
563 587 671 628 orrna
688 575 722 628 el
745 576 938 629 armatum
962 576 996 627 ei
1020 576 1193 628 arnnalos
1215 568 1316 652 inspi-

187 689 255 732 oere
278 671 489 734 ineundum
512 679 568 749 est,
592 689 686 754 quarn
708 670 904 752 uoluptatem
924 679 1076 752 putamus
1092 679 1195 732 mente
1214 670 1317 734 oonoi·

183 793 287 857 peres,
311 775 340 835 si
363 771 574 858 Siqisrnerens
598 773 725 857 repiuns
747 773 892 835 invenem
914 775 984 836 riou
1007 783 1101 856 alque
1125 775 1211 838 nullu
1232 767 1318 858 qen·

188 876 323 939 tilioio
347 887 507 954 ornatum,
530 885 639 960 utpote
663 894 821 958 sponsum
836 895 889 938 seu
905 878 1091 960 petitorem,
1110 879 1317 960 praetorium

188 980 292 1042 soceri
315 989 457 1064 eupatore
479 979 625 1042 uidisses.
665 978 762 1042 lllurn
786 999 880 1064 equus
904 979 1031 1064 quidern
1050 979 1197 1061 phaleris
1215 999 1319 1063 eonsp-

189 1093 249 1162 tus,
278 1082 374 1144 immo
404 1085 477 1168 oqui
499 1081 708 1146 radiantibus
730 1084 863 1166 qernnsis
887 1084 994 1146 onusti
1018 1082 1247 1146 anleoedebunl
1269 1085 1319 1146 uel

189 1187 286 1247 etiarn
309 1185 659 1268 subsequebantur,
681 1205 750 1248 curn
777 1195 882 1246 lamen
907 1187 1033 1269 inopis
1051 1185 1118 1247 boo
1134 1185 1194 1248 ibi
1210 1185 1319 1248 deeo-

188 1309 271 1352 runn
304 1289 549 1372 inspiciebatur,
585 1288 668 1372 quod
703 1287 934 1350 cursoribus
967 1290 1033 1350 suis
1067 1289 1133 1351 sive
1164 1288 1320 1371 pedise-

189 1393 290 1476 quis,
315 1393 413 1476 pedes
436 1395 566 1477 etipse,
589 1391 713 1454 nudius
736 1394 868 1453 incessit
884 1391 1052 1474 flammeus
1077 1411 1177 1472 aoooo,
1199 1394 1319 1454 rutilus

190 1516 280 1574 auro,
317 1499 435 1559 laoteus
471 1497 585 1573 serico,
619 1506 686 1557 turn
720 1495 824 1557 uultui
857 1504 946 1555 lanto
984 1515 1072 1556 consu
1105 1493 1223 1557 rubore
1252 1505 1319 1557 aute

190 1599 347 1663 consolor.

292 1701 355 1765 28⁰.
402 1699 452 1764 De
478 1678 677 1762 Domnilii
699 1698 828 1762 nomine
857 1697 1038 1764 dubitatum
1062 1706 1122 1780 est,
1144 1699 1230 1782 quod
1255 1699 1322 1764 Do-

190 1805 283 1866 mitio
319 1810 351 1866 ei
384 1802 522 1866 Donilio
557 1802 715 1887 scriptum
748 1801 886 1865 inveniri
921 1801 1059 1865 adnotat
1093 1798 1230 1882 Severo,
1258 1803 1321 1867 hoo

191 1903 402 1970 Wouwerius
414 1905 535 1990 posuit.
561 1901 686 1968 Severo
698 1903 846 1968 Domitio
865 1903 929 1968 sibi
947 1904 1052 1990 magis
1071 1905 1213 1969 arridere
1231 1906 1321 1986 diois,

190 2009 344 2094 quod0ad
365 2009 457 2072 illum
479 2008 555 2073 libri
580 2007 715 2072 secundi
734 2031 784 2093 ep.
802 2009 821 2071 2
840 2009 931 2094 (pag.
949 2009 1025 2090 209)
1044 2015 1077 2070 ei
1097 2009 1115 2071 9
1135 2010 1225 2094 (pag.
1243 2011 1321 2095 222)

193 2113 335 2198 scriptae
370 2113 451 2190 sint3
484 2113 595 2196 inepte
623 2111 657 2174 id
686 2111 816 2196 quidem
839 2110 891 2175 vel
914 2133 982 2175 eam
1007 2110 1046 2175 ab
1070 2133 1212 2193 eausam,
1234 2111 1322 2196 quod

195 2215 279 2279 hane
301 2215 372 2300 ipse
395 2213 485 2278 nulla
508 2213 665 2278 adnotata
682 2213 860 2278 lectionum
878 2214 1038 2278 varietate
1055 2213 1199 2280 Donidio
1218 2216 1323 2301 serip-

191 2326 268 2381 tum.
287 2317 399 2381 edidit.
444 2317 520 2382 Hoc
547 2316 622 2380 looo
650 2317 683 2380 in
706 2317 739 2380 A
762 2317 875 2382 oodiee
898 2317 1043 2381 Donidio
1067 2326 1249 2383 correctum
1272 2326 1322 2383 est

193 2443 230 2484 ex
245 2421 400 2500 Dodinio,
422 2428 459 2484 ut
481 2420 620 2501 videtur,
643 2442 718 2482 nam
740 2420 774 2482 id
799 2419 974 2484 obscurata
995 2427 1102 2483 tamon
1127 2421 1254 2506 syllaba
1276 2422 1322 2502 di,

192 2512 327 2587 ui'non
361 2545 498 2608 prorsus
533 2530 622 2587 serta
650 2522 713 2602 sit.
732 2522 765 2585 in
794 2523 940 2609 margine
963 2523 1103 2608 repperi.
1149 2520 1216 2587 Sed
1238 2523 1322 2587 idem

194 2650 311 2691 nomon
333 2650 384 2712 ep.
410 2625 465 2690 III
490 2629 508 2690 5
533 2626 627 2712 (253)
650 2632 738 2689 reete
762 2626 802 2689 ab
822 2625 982 2707 omnibus
1005 2625 1091 2709 quod
1116 2627 1228 2707 seiam,
1245 2627 1324 2691 seri·

193 2731 283 2794 bitur
309 2730 483 2795 Donidius.
528 2729 574 2792 Es
595 2729 739 2792 Donsilii
762 2737 886 2792 sertum
909 2736 960 2792 est
982 2751 1109 2810 nomeu,
1131 2730 1209 2793 item
1236 2729 1324 2814 quod

193 2856 280 2898 nuno
313 2833 496 2917 quaerimus
525 2832 691 2895 Domnitii
724 2830 810 2894 haud
847 2832 1043 2917 ambiguum,
1071 2854 1143 2896 oum
1172 2855 1244 2896 eum
1277 2832 1325 2896 its

194 2936 227 3000 in
250 2935 413 3001 AHRV
425 2933 469 3016 U,
492 2935 525 2998 in
547 2935 584 2999 X
607 2933 679 2998 solo
697 2935 879 2998 Domitium
896 2935 1095 3020 reppererim
1112 2935 1324 3021 appellatum.

296 3041 361 3105 281.
406 3039 512 3102 Arma
546 3052 575 3102 ei
603 3050 766 3103 arnsalurn
795 3051 825 3102 et
854 3051 997 3103 armatos
1020 3061 1086 3102 non
1110 3039 1214 3103 solum
1237 3040 1270 3103 in
1292 3041 1325 3104 A

194 3151 255 3220 est,
280 3143 338 3207 sed
361 3141 459 3206 etiam
481 3142 515 3205 in
526 3139 599 3207 VU
618 3149 660 3224 et,
676 3145 767 3226 ¹quos
786 3140 892 3205 adfert
908 3140 1060 3223 Baretus‚
1076 3141 1105 3205 P
1122 3141 1228 3206 Paris.
1242 3145 1325 3210 2783

194 3253 227 3308 ei
248 3247 342 3309 3477.
388 3244 428 3309 Id
451 3241 664 3308 Wouwerius
692 3243 782 3308 nulla
809 3244 966 3308 varietate
987 3243 1165 3308 lectionum
1188 3267 1326 3310 comme-

196 3354 322 3411 morata.
349 3347 484 3433 recepit,
511 3347 597 3410 idem
627 3343 822 3412 Sirmondus
846 3355 878 3411 et
900 3346 1041 3411 Baretus
1066 3348 1224 3431 scribunt,
1247 3348 1327 3414 Gal-

196 3449 252 3514 lioi
275 3449 471 3536 interpretes
501 3449 644 3514 fortasse
667 3473 733 3514 non
757 3458 844 3515 reete
867 3451 916 3515 sie
938 3450 1093 3515 reddunt:
1127 3450 1188 3516 des
1212 3475 1327 3533 armes,

197 3553 253 3617 des
279 3565 438 3639 troupos
456 3561 489 3617 εῖ
505 3553 563 3617 des
581 3553 754 3638 guerriers.
790 3551 999 3634 Quaeleetio
1017 3555 1096 3638 quin
1113 3555 1191 3618 ferri
1207 3557 1327 3642 possit,

197 3656 345 3740 equidem
369 3679 434 3721 non
457 3657 589 3735 dubit03
611 3657 763 3742 gradatio
787 3657 872 3722 enim
895 3657 975 3720 haec
1003 3665 1063 3738 esi,
1093 3679 1164 3721 oum
1187 3659 1327 3743 primum

197 3782 290 3824 urnso
324 3767 627 3834 commemorantur,
661 3759 777 3824 deinde
804 3767 895 3823 totus
923 3759 985 3822 viri
1009 3771 1154 3826 orrnalus
1176 3799 1217 3810 -—
1242 3761 1327 3826 huno

196 3885 258 3948 ego
286 3863 485 3947 interpretor
514 3873 687 3942 armaions,
710 3861 902 3947 praesertim
932 3883 1004 3926 oum
1032 3863 1157 3948 regium
1179 3863 1327 3928 iuvenem

198 3966 374 4052 separatim
397 3965 598 4051 descriptum
616 3967 743 4030 videam
757 3974 977 4051 —postremo
1001 3977 1203 4031 armatorum
1226 3967 1326 4031 homi-

198 4093 275 4134 num
303 4069 490 4150 multitudo,
518 4092 711 4154 quamquam
738 4069 856 4134 melius
880 4068 1021 4132 fortasse
1043 4069 1150 4133 fuerat
1177 4093 1271 4135 armo
1298 4084 1328 4136 el

197 4187 342 4238 armatos
378 4173 532 4237 seribere.
581 4173 622 4237 In
655 4172 689 4237 H
719 4173 832 4237 codiee
865 4172 995 4258 repperi
1029 4195 1123 4236 armo
1157 4183 1187 4236 el
1220 4197 1328 4239 orma-

199 4289 266 4344 tuns
295 4290 324 4341 el
353 4280 552 4342 animatos
589 4275 728 4360 huicque
761 4279 810 4342 ool
844 4287 1019 4340 arnsalos
1053 4277 1328 4363 superscriptum
