<?xml version="1.0" encoding="UTF-8"?>
<!DOCTYPE html PUBLIC "-//W3C//DTD XHTML 1.0 Transitional//EN"
    "http://www.w3.org/TR/xhtml1/DTD/xhtml1-transitional.dtd">
<html xmlns="http://www.w3.org/1999/xhtml" xml:lang="en" lang="en">
 <head>
  <title>
</title>
<meta http-equiv="Content-Type" content="text/html;charset=utf-8" />
  <meta name='ocr-system' content='tesseract 3.04.00' />
  <meta name='ocr-capabilities' content='ocr_page ocr_carea ocr_par ocr_line ocrx_word'/>
</head>
<body>
  <div class='ocr_page' id='page_1' title='image "./deapollinarisid00gustgoog_0112.png"; bbox 0 0 3186 4900; ppageno 0'>
   <div class='ocr_carea' id='block_1_1' title="bbox 1230 267 1271 334">
    <p class='ocr_par' dir='ltr' id='par_1_1' title="bbox 1230 267 1271 334">
     <span class='ocr_line' id='line_1_1' title="bbox 1230 267 1271 334; baseline 0.049 -2"><span class='ocrx_word' id='word_1_1' title='bbox 1230 267 1271 334; x_wconf 85' lang='lat'>83</span> 
     </span>
    </p>
   </div>
   <div class='ocr_carea' id='block_1_2' title="bbox 179 455 1315 2215">
    <p class='ocr_par' dir='ltr' id='par_1_2' title="bbox 179 455 1314 644">
     <span class='ocr_line' id='line_1_2' title="bbox 182 455 1314 541; baseline 0 -21"><span class='ocrx_word' id='word_1_2' title='bbox 182 457 313 521; x_wconf 83' lang='lat' dir='ltr'>ciuitati</span> <span class='ocrx_word' id='word_1_3' title='bbox 334 467 463 520; x_wconf 81' lang='lat' dir='ltr'>nostroe</span> <span class='ocrx_word' id='word_1_4' title='bbox 495 477 556 541; x_wconf 78' lang='lat' dir='ltr'>pec</span> <span class='ocrx_word' id='word_1_5' title='bbox 584 455 812 534; x_wconf 72' lang='lat' dir='ltr'><em>sacerdotium,</em></span> <span class='ocrx_word' id='word_1_6' title='bbox 840 458 1031 540; x_wconf 72' lang='lat' dir='ltr'>prouinciae</span> <span class='ocrx_word' id='word_1_7' title='bbox 1054 478 1128 520; x_wconf 78' lang='lat' dir='ltr'>ceco</span> <span class='ocrx_word' id='word_1_8' title='bbox 1158 469 1314 520; x_wconf 73' lang='lat' dir='ltr'>cestrae</span> 
     </span>
     <span class='ocr_line' id='line_1_3' title="bbox 179 563 436 644; baseline -0.004 -22"><span class='ocrx_word' id='word_1_9' title='bbox 179 581 241 644; x_wconf 79' lang='lat' dir='ltr'>pec·</span> <span class='ocrx_word' id='word_1_10' title='bbox 261 563 436 624; x_wconf 82' lang='lat' dir='ltr'>ciuitatem.</span> 
     </span>
    </p>

    <p class='ocr_par' dir='ltr' id='par_1_3' title="bbox 182 662 1315 2215">
     <span class='ocr_line' id='line_1_4' title="bbox 284 662 1315 748; baseline -0.003 -20"><span class='ocrx_word' id='word_1_11' title='bbox 284 663 348 728; x_wconf 78' lang='lat' dir='ltr'>tlt.</span> <span class='ocrx_word' id='word_1_12' title='bbox 394 662 538 744; x_wconf 76' lang='lat' dir='ltr'>PatienS,</span> <span class='ocrx_word' id='word_1_13' title='bbox 562 664 637 747; x_wconf 87' lang='lat' dir='ltr'>quia</span> <span class='ocrx_word' id='word_1_14' title='bbox 667 664 849 748; x_wconf 85' lang='lat' dir='ltr'>episeopus</span> <span class='ocrx_word' id='word_1_15' title='bbox 878 663 1111 748; x_wconf 83' lang='lat' dir='ltr'>Lugdunensis</span> <span class='ocrx_word' id='word_1_16' title='bbox 1140 671 1220 744; x_wconf 84' lang='lat' dir='ltr'>erat,</span> <span class='ocrx_word' id='word_1_17' title='bbox 1249 663 1315 726; x_wconf 85' lang='lat' dir='ltr'>ine-</span> 
     </span>
     <span class='ocr_line' id='line_1_5' title="bbox 183 763 1314 852; baseline -0.001 -23"><span class='ocrx_word' id='word_1_18' title='bbox 183 773 260 830; x_wconf 88' lang='lat' dir='ltr'>unte</span> <span class='ocrx_word' id='word_1_19' title='bbox 293 767 435 852; x_wconf 81' lang='lat' dir='ltr'>epistula</span> <span class='ocrx_word' id='word_1_20' title='bbox 464 778 562 852; x_wconf 80' lang='lat' dir='ltr'>peteo·</span> <span class='ocrx_word' id='word_1_21' title='bbox 589 780 699 832; x_wconf 73' lang='lat' dir='ltr'>costel·</span> <span class='ocrx_word' id='word_1_22' title='bbox 726 771 762 831; x_wconf 85' lang='lat' dir='ltr'>in</span> <span class='ocrx_word' id='word_1_23' title='bbox 788 766 918 830; x_wconf 71' lang='lat' dir='ltr'>Christo</span> <span class='ocrx_word' id='word_1_24' title='bbox 947 767 1054 830; x_wconf 87' lang='lat' dir='ltr'>dictus</span> <span class='ocrx_word' id='word_1_25' title='bbox 1078 775 1137 830; x_wconf 90' lang='lat' dir='ltr'>est.</span> <span class='ocrx_word' id='word_1_26' title='bbox 1184 763 1314 830; x_wconf 87' lang='lat' dir='ltr'>Sidonii</span> 
     </span>
     <span class='ocr_line' id='line_1_6' title="bbox 183 868 1315 956; baseline 0 -24"><span class='ocrx_word' id='word_1_27' title='bbox 183 870 268 933; x_wconf 87' lang='lat' dir='ltr'>enim</span> <span class='ocrx_word' id='word_1_28' title='bbox 292 870 409 934; x_wconf 85' lang='lat' dir='ltr'>civitas</span> <span class='ocrx_word' id='word_1_29' title='bbox 428 878 461 934; x_wconf 88' lang='lat' dir='ltr'>et</span> <span class='ocrx_word' id='word_1_30' title='bbox 478 869 588 956; x_wconf 86' lang='lat' dir='ltr'>patria</span> <span class='ocrx_word' id='word_1_31' title='bbox 609 869 674 934; x_wconf 87' lang='lat' dir='ltr'>luit</span> <span class='ocrx_word' id='word_1_32' title='bbox 684 870 881 955; x_wconf 89' lang='lat' dir='ltr'>Lugdunum</span> <span class='ocrx_word' id='word_1_33' title='bbox 899 869 1117 953; x_wconf 86' lang='lat' dir='ltr'>eiusdemque,</span> <span class='ocrx_word' id='word_1_34' title='bbox 1129 877 1165 932; x_wconf 92' lang='lat' dir='ltr'>ut</span> <span class='ocrx_word' id='word_1_35' title='bbox 1177 868 1315 950; x_wconf 85' lang='lat' dir='ltr'>videtur,</span> 
     </span>
     <span class='ocr_line' id='line_1_7' title="bbox 183 971 1315 1059; baseline 0.002 -25"><span class='ocrx_word' id='word_1_36' title='bbox 183 971 241 1035; x_wconf 93' lang='lat' dir='ltr'>illo</span> <span class='ocrx_word' id='word_1_37' title='bbox 253 981 399 1059; x_wconf 87' lang='lat' dir='ltr'>tempore</span> <span class='ocrx_word' id='word_1_38' title='bbox 412 973 556 1038; x_wconf 86' lang='lat' dir='ltr'>civitatis</span> <span class='ocrx_word' id='word_1_39' title='bbox 567 973 763 1056; x_wconf 84' lang='lat' dir='ltr'>Domnulus,</span> <span class='ocrx_word' id='word_1_40' title='bbox 776 972 817 1037; x_wconf 84' lang='lat' dir='ltr'>ad</span> <span class='ocrx_word' id='word_1_41' title='bbox 829 996 923 1057; x_wconf 89' lang='lat' dir='ltr'>quem</span> <span class='ocrx_word' id='word_1_42' title='bbox 935 973 1016 1038; x_wconf 88' lang='lat' dir='ltr'>haec</span> <span class='ocrx_word' id='word_1_43' title='bbox 1029 973 1155 1039; x_wconf 86' lang='lat' dir='ltr'>scribit.</span> <span class='ocrx_word' id='word_1_44' title='bbox 1180 972 1214 1037; x_wconf 87' lang='lat' dir='ltr'>Is</span> <span class='ocrx_word' id='word_1_45' title='bbox 1228 981 1315 1037; x_wconf 88' lang='lat' dir='ltr'>certe</span> 
     </span>
     <span class='ocr_line' id='line_1_8' title="bbox 183 1075 1315 1161; baseline -0.001 -22"><span class='ocrx_word' id='word_1_46' title='bbox 183 1077 243 1139; x_wconf 87' lang='lat' dir='ltr'>etsi</span> <span class='ocrx_word' id='word_1_47' title='bbox 267 1077 391 1140; x_wconf 85' lang='lat' dir='ltr'>lumin</span> <span class='ocrx_word' id='word_1_48' title='bbox 424 1076 622 1140; x_wconf 86' lang='lat' dir='ltr'>monasterio</span> <span class='ocrx_word' id='word_1_49' title='bbox 651 1077 779 1140; x_wconf 87' lang='lat' dir='ltr'>lurensi</span> <span class='ocrx_word' id='word_1_50' title='bbox 809 1085 890 1158; x_wconf 83' lang='lat' dir='ltr'>erat,</span> <span class='ocrx_word' id='word_1_51' title='bbox 913 1076 1000 1160; x_wconf 88' lang='lat' dir='ltr'>quod</span> <span class='ocrx_word' id='word_1_52' title='bbox 1024 1075 1123 1161; x_wconf 87' lang='lat' dir='ltr'>paulo</span> <span class='ocrx_word' id='word_1_53' title='bbox 1147 1084 1223 1140; x_wconf 85' lang='lat' dir='ltr'>ente</span> <span class='ocrx_word' id='word_1_54' title='bbox 1246 1076 1315 1139; x_wconf 87' lang='lat' dir='ltr'>dic-</span> 
     </span>
     <span class='ocr_line' id='line_1_9' title="bbox 182 1181 1315 1266; baseline 0.002 -24"><span class='ocrx_word' id='word_1_55' title='bbox 182 1187 250 1244; x_wconf 89' lang='lat' dir='ltr'>tum</span> <span class='ocrx_word' id='word_1_56' title='bbox 273 1188 324 1244; x_wconf 89' lang='lat' dir='ltr'>est</span> <span class='ocrx_word' id='word_1_57' title='bbox 344 1202 429 1245; x_wconf 81' lang='lat' dir='ltr'>nuuc</span> <span class='ocrx_word' id='word_1_58' title='bbox 455 1201 532 1266; x_wconf 71' lang='lat' dir='ltr'>erpo</span> <span class='ocrx_word' id='word_1_59' title='bbox 570 1181 719 1245; x_wconf 80' lang='lat' dir='ltr'>lucensio</span> <span class='ocrx_word' id='word_1_60' title='bbox 743 1185 772 1245; x_wconf 87' lang='lat' dir='ltr'>ei</span> <span class='ocrx_word' id='word_1_61' title='bbox 796 1194 825 1246; x_wconf 91' lang='lat' dir='ltr'>te</span> <span class='ocrx_word' id='word_1_62' title='bbox 848 1184 1022 1245; x_wconf 76' lang='lat' dir='ltr'>remittunt</span> <span class='ocrx_word' id='word_1_63' title='bbox 1056 1185 1123 1244; x_wconf 83' lang='lat' dir='ltr'>iane</span> <span class='ocrx_word' id='word_1_64' title='bbox 1156 1193 1315 1244; x_wconf 82' lang='lat' dir='ltr'>monoste-</span> 
     </span>
     <span class='ocr_line' id='line_1_10' title="bbox 183 1283 1315 1370; baseline 0.001 -25"><span class='ocrx_word' id='word_1_65' title='bbox 183 1286 248 1364; x_wconf 63' lang='grc' dir='ltr'>νέα,</span> <span class='ocrx_word' id='word_1_66' title='bbox 271 1289 307 1348; x_wconf 84' lang='lat' dir='ltr'>io</span> <span class='ocrx_word' id='word_1_67' title='bbox 330 1305 409 1369; x_wconf 82' lang='lat' dir='ltr'>quae</span> <span class='ocrx_word' id='word_1_68' title='bbox 434 1285 570 1350; x_wconf 73' lang='lat' dir='ltr'>libenter</span> <span class='ocrx_word' id='word_1_69' title='bbox 594 1287 707 1350; x_wconf 76' lang='lat' dir='ltr'>solitus</span> <span class='ocrx_word' id='word_1_70' title='bbox 731 1285 911 1365; x_wconf 79' lang='lat' dir='ltr'>ascendere,</span> <span class='ocrx_word' id='word_1_71' title='bbox 934 1285 969 1348; x_wconf 91' lang='lat' dir='ltr'>in</span> <span class='ocrx_word' id='word_1_72' title='bbox 992 1283 1164 1370; x_wconf 86' lang='lat' dir='ltr'>provincia</span> <span class='ocrx_word' id='word_1_73' title='bbox 1179 1283 1315 1370; x_wconf 90' lang='lat' dir='ltr'>Lugdu-</span> 
     </span>
     <span class='ocr_line' id='line_1_11' title="bbox 184 1381 1313 1474; baseline 0 -24"><span class='ocrx_word' id='word_1_74' title='bbox 184 1387 278 1451; x_wconf 87' lang='lat' dir='ltr'>nensi</span> <span class='ocrx_word' id='word_1_75' title='bbox 300 1388 406 1474; x_wconf 84' lang='lat' dir='ltr'>prima</span> <span class='ocrx_word' id='word_1_76' title='bbox 434 1387 595 1453; x_wconf 86' lang='lat' dir='ltr'>habitavit</span> <span class='ocrx_word' id='word_1_77' title='bbox 623 1388 709 1451; x_wconf 90' lang='lat' dir='ltr'>sicut</span> <span class='ocrx_word' id='word_1_78' title='bbox 732 1383 902 1468; x_wconf 62' lang='lat' dir='ltr'>Sidonius</span> <span class='ocrx_word' id='word_1_79' title='bbox 926 1395 958 1452; x_wconf 87' lang='lat' dir='ltr'>ct</span> <span class='ocrx_word' id='word_1_80' title='bbox 980 1387 1014 1450; x_wconf 91' lang='lat' dir='ltr'>in</span> <span class='ocrx_word' id='word_1_81' title='bbox 1038 1409 1077 1450; x_wconf 87' lang='lat' dir='ltr'>ea</span> <span class='ocrx_word' id='word_1_82' title='bbox 1101 1381 1313 1452; x_wconf 78' lang='lat' dir='ltr'>Cabillonum</span> 
     </span>
     <span class='ocr_line' id='line_1_12' title="bbox 185 1489 1314 1576; baseline 0 -22"><span class='ocrx_word' id='word_1_83' title='bbox 185 1513 313 1574; x_wconf 88' lang='lat' dir='ltr'>quoque</span> <span class='ocrx_word' id='word_1_84' title='bbox 330 1499 401 1554; x_wconf 87' lang='lat' dir='ltr'>erat</span> <span class='ocrx_word' id='word_1_85' title='bbox 418 1491 587 1576; x_wconf 87' lang='lat' dir='ltr'>oppidum,</span> <span class='ocrx_word' id='word_1_86' title='bbox 611 1490 700 1574; x_wconf 91' lang='lat' dir='ltr'>quod</span> <span class='ocrx_word' id='word_1_87' title='bbox 724 1498 994 1554; x_wconf 82' lang='lat' dir='ltr'><strong>commemoratur</strong></span> <span class='ocrx_word' id='word_1_88' title='bbox 1017 1490 1050 1554; x_wconf 93' lang='lat' dir='ltr'>iu</span> <span class='ocrx_word' id='word_1_89' title='bbox 1074 1490 1136 1554; x_wconf 85' lang='lat' dir='ltr'>hae</span> <span class='ocrx_word' id='word_1_90' title='bbox 1159 1489 1314 1575; x_wconf 82' lang='lat' dir='ltr'>epistula.</span> 
     </span>
     <span class='ocr_line' id='line_1_13' title="bbox 183 1593 1314 1680; baseline -0.001 -23"><span class='ocrx_word' id='word_1_91' title='bbox 183 1594 229 1657; x_wconf 76' lang='lat' dir='ltr'>Et</span> <span class='ocrx_word' id='word_1_92' title='bbox 250 1595 326 1678; x_wconf 85' lang='lat' dir='ltr'>quia</span> <span class='ocrx_word' id='word_1_93' title='bbox 342 1593 540 1680; x_wconf 84' lang='lat' dir='ltr'>Lugdunum</span> <span class='ocrx_word' id='word_1_94' title='bbox 558 1593 750 1680; x_wconf 80' lang='lat' dir='ltr'>metropolis</span> <span class='ocrx_word' id='word_1_95' title='bbox 763 1602 832 1658; x_wconf 87' lang='lat' dir='ltr'>erat</span> <span class='ocrx_word' id='word_1_96' title='bbox 844 1593 1077 1679; x_wconf 84' lang='lat' dir='ltr'>Lugdunensis</span> <span class='ocrx_word' id='word_1_97' title='bbox 1090 1594 1224 1680; x_wconf 83' lang='lat' dir='ltr'>primae,</span> <span class='ocrx_word' id='word_1_98' title='bbox 1240 1593 1314 1657; x_wconf 88' lang='lat' dir='ltr'>ideo</span> 
     </span>
     <span class='ocr_line' id='line_1_14' title="bbox 184 1693 1315 1784; baseline 0.001 -25"><span class='ocrx_word' id='word_1_99' title='bbox 184 1697 373 1783; x_wconf 85' lang='lat' dir='ltr'>provinciae</span> <span class='ocrx_word' id='word_1_100' title='bbox 386 1705 485 1784; x_wconf 86' lang='lat' dir='ltr'>caput</span> <span class='ocrx_word' id='word_1_101' title='bbox 496 1697 617 1761; x_wconf 87' lang='lat' dir='ltr'>dicitur</span> <span class='ocrx_word' id='word_1_102' title='bbox 640 1697 774 1762; x_wconf 86' lang='lat' dir='ltr'>Patiens</span> <span class='ocrx_word' id='word_1_103' title='bbox 792 1696 969 1784; x_wconf 88' lang='lat' dir='ltr'>episcopus</span> <span class='ocrx_word' id='word_1_104' title='bbox 981 1696 1224 1782; x_wconf 83' lang='lat' dir='ltr'>Lugdunensis.</span> <span class='ocrx_word' id='word_1_105' title='bbox 1248 1693 1315 1760; x_wconf 88' lang='lat' dir='ltr'>Sed</span> 
     </span>
     <span class='ocr_line' id='line_1_15' title="bbox 183 1796 1314 1886; baseline 0 -22"><span class='ocrx_word' id='word_1_106' title='bbox 183 1821 320 1884; x_wconf 88' lang='lat' dir='ltr'>prorsus</span> <span class='ocrx_word' id='word_1_107' title='bbox 353 1800 464 1886; x_wconf 86' lang='lat' dir='ltr'>inepte</span> <span class='ocrx_word' id='word_1_108' title='bbox 498 1796 655 1864; x_wconf 86' lang='lat' dir='ltr'>Sidonius</span> <span class='ocrx_word' id='word_1_109' title='bbox 689 1800 729 1864; x_wconf 88' lang='lat' dir='ltr'>de</span> <span class='ocrx_word' id='word_1_110' title='bbox 763 1799 925 1864; x_wconf 87' lang='lat' dir='ltr'>communi</span> <span class='ocrx_word' id='word_1_111' title='bbox 950 1799 1104 1881; x_wconf 87' lang='lat' dir='ltr'>omnium,</span> <span class='ocrx_word' id='word_1_112' title='bbox 1132 1799 1314 1884; x_wconf 84' lang='lat' dir='ltr'>dequibus</span> 
     </span>
     <span class='ocr_line' id='line_1_16' title="bbox 184 1902 1314 1988; baseline -0.001 -22"><span class='ocrx_word' id='word_1_113' title='bbox 184 1903 380 1968; x_wconf 86' lang='lat' dir='ltr'>mentionem</span> <span class='ocrx_word' id='word_1_114' title='bbox 402 1902 491 1985; x_wconf 86' lang='lat' dir='ltr'>fecit,</span> <span class='ocrx_word' id='word_1_115' title='bbox 504 1903 675 1988; x_wconf 82' lang='lat' dir='ltr'>provincia</span> <span class='ocrx_word' id='word_1_116' title='bbox 692 1903 740 1967; x_wconf 89' lang='lat' dir='ltr'>sie</span> <span class='ocrx_word' id='word_1_117' title='bbox 757 1903 911 1968; x_wconf 84' lang='lat' dir='ltr'>dixisset:</span> <span class='ocrx_word' id='word_1_118' title='bbox 932 1905 1124 1988; x_wconf 82' lang='lat' dir='ltr'>provinciae</span> <span class='ocrx_word' id='word_1_119' title='bbox 1147 1915 1314 1968; x_wconf 79' lang='lat' dir='ltr'>cestrae.</span> 
     </span>
     <span class='ocr_line' id='line_1_17' title="bbox 184 2007 1313 2089; baseline 0.001 -17"><span class='ocrx_word' id='word_1_120' title='bbox 184 2008 255 2072; x_wconf 87' lang='lat' dir='ltr'>Iam</span> <span class='ocrx_word' id='word_1_121' title='bbox 287 2031 365 2073; x_wconf 90' lang='lat' dir='ltr'>vero</span> <span class='ocrx_word' id='word_1_122' title='bbox 399 2019 524 2073; x_wconf 76' lang='lat' dir='ltr'>cestrae</span> <span class='ocrx_word' id='word_1_123' title='bbox 557 2008 591 2072; x_wconf 94' lang='lat' dir='ltr'>in</span> <span class='ocrx_word' id='word_1_124' title='bbox 614 2010 646 2074; x_wconf 87' lang='lat' dir='ltr'><strong>A</strong></span> <span class='ocrx_word' id='word_1_125' title='bbox 668 2016 701 2072; x_wconf 90' lang='lat' dir='ltr'>et</span> <span class='ocrx_word' id='word_1_126' title='bbox 722 2008 755 2073; x_wconf 87' lang='lat' dir='ltr'>V</span> <span class='ocrx_word' id='word_1_127' title='bbox 778 2007 950 2089; x_wconf 86' lang='lat' dir='ltr'>omittitur,</span> <span class='ocrx_word' id='word_1_128' title='bbox 977 2009 1011 2072; x_wconf 93' lang='lat' dir='ltr'>in</span> <span class='ocrx_word' id='word_1_129' title='bbox 1039 2008 1073 2073; x_wconf 91' lang='lat' dir='ltr'><strong>H</strong></span> <span class='ocrx_word' id='word_1_130' title='bbox 1096 2008 1196 2072; x_wconf 88' lang='lat' dir='ltr'>verbo</span> <span class='ocrx_word' id='word_1_131' title='bbox 1219 2030 1313 2073; x_wconf 88' lang='lat' dir='ltr'>eraso</span> 
     </span>
     <span class='ocr_line' id='line_1_18' title="bbox 184 2099 1312 2215; baseline 0.002 -41"><span class='ocrx_word' id='word_1_132' title='bbox 184 2111 345 2197; x_wconf 88' lang='lat' dir='ltr'>scriptum</span> <span class='ocrx_word' id='word_1_133' title='bbox 368 2120 419 2176; x_wconf 90' lang='lat' dir='ltr'>est</span> <span class='ocrx_word' id='word_1_134' title='bbox 438 2101 510 2215; x_wconf 53' lang='lat' dir='ltr'><em>Q</em></span> <span class='ocrx_word' id='word_1_135' title='bbox 532 2134 572 2176; x_wconf 84' lang='lat' dir='ltr'>cx</span> <span class='ocrx_word' id='word_1_136' title='bbox 594 2110 832 2177; x_wconf 89' lang='lat' dir='ltr'>recentioribus</span> <span class='ocrx_word' id='word_1_137' title='bbox 859 2111 954 2176; x_wconf 89' lang='lat' dir='ltr'>libris</span> <span class='ocrx_word' id='word_1_138' title='bbox 977 2111 1008 2177; x_wconf 84' lang='lat' dir='ltr'><strong>R</strong></span> <span class='ocrx_word' id='word_1_139' title='bbox 1029 2118 1062 2176; x_wconf 87' lang='lat' dir='ltr'>et</span> <span class='ocrx_word' id='word_1_140' title='bbox 1084 2099 1201 2192; x_wconf 59' lang='grc' dir='ltr'>Ζῖιῆ,</span> <span class='ocrx_word' id='word_1_141' title='bbox 1224 2135 1264 2176; x_wconf 82' lang='lat' dir='ltr'>ex</span> <span class='ocrx_word' id='word_1_142' title='bbox 1282 2111 1312 2176; x_wconf 96' lang='lat' dir='ltr'>U</span> 
     </span>
    </p>
   </div>
   <div class='ocr_carea' id='block_1_3' title="bbox 183 2227 1315 2813">
    <p class='ocr_par' dir='ltr' id='par_1_4' title="bbox 183 2227 1315 2813">
     <span class='ocr_line' id='line_1_19' title="bbox 183 2227 1315 2314; baseline 0 -19"><span class='ocrx_word' id='word_1_143' title='bbox 183 2244 297 2314; x_wconf 79' lang='lat' dir='ltr'>vestre,</span> <span class='ocrx_word' id='word_1_144' title='bbox 322 2232 379 2297; x_wconf 87' lang='lat' dir='ltr'>sed</span> <span class='ocrx_word' id='word_1_145' title='bbox 413 2233 535 2298; x_wconf 89' lang='lat' dir='ltr'>omisso</span> <span class='ocrx_word' id='word_1_146' title='bbox 564 2253 640 2296; x_wconf 80' lang='lat' dir='ltr'>cero</span> <span class='ocrx_word' id='word_1_147' title='bbox 671 2232 842 2296; x_wconf 85' lang='lat' dir='ltr'>adnotavit</span> <span class='ocrx_word' id='word_1_148' title='bbox 864 2232 1010 2297; x_wconf 80' lang='lat' dir='ltr'>Meuius.</span> <span class='ocrx_word' id='word_1_149' title='bbox 1056 2227 1149 2312; x_wconf 82' lang='lat' dir='ltr'>Quae</span> <span class='ocrx_word' id='word_1_150' title='bbox 1172 2253 1244 2296; x_wconf 91' lang='lat' dir='ltr'>cum</span> <span class='ocrx_word' id='word_1_151' title='bbox 1267 2232 1315 2296; x_wconf 90' lang='lat' dir='ltr'>ita</span> 
     </span>
     <span class='ocr_line' id='line_1_20' title="bbox 184 2334 1314 2421; baseline 0 -23"><span class='ocrx_word' id='word_1_152' title='bbox 184 2335 261 2417; x_wconf 85' lang='lat' dir='ltr'>sint,</span> <span class='ocrx_word' id='word_1_153' title='bbox 273 2358 338 2400; x_wconf 92' lang='lat' dir='ltr'>non</span> <span class='ocrx_word' id='word_1_154' title='bbox 356 2335 470 2400; x_wconf 90' lang='lat' dir='ltr'>dubito</span> <span class='ocrx_word' id='word_1_155' title='bbox 488 2337 566 2421; x_wconf 92' lang='lat' dir='ltr'>quin</span> <span class='ocrx_word' id='word_1_156' title='bbox 578 2348 704 2400; x_wconf 75' lang='lat' dir='ltr'>ceticae</span> <span class='ocrx_word' id='word_1_157' title='bbox 721 2334 893 2399; x_wconf 85' lang='lat' dir='ltr'>delendum</span> <span class='ocrx_word' id='word_1_158' title='bbox 906 2335 959 2400; x_wconf 90' lang='lat' dir='ltr'>sit.</span> <span class='ocrx_word' id='word_1_159' title='bbox 995 2334 1036 2398; x_wconf 95' lang='lat' dir='ltr'>Id</span> <span class='ocrx_word' id='word_1_160' title='bbox 1049 2356 1132 2398; x_wconf 89' lang='lat' dir='ltr'>unus</span> <span class='ocrx_word' id='word_1_161' title='bbox 1152 2334 1314 2399; x_wconf 87' lang='lat' dir='ltr'>editorum</span> 
     </span>
     <span class='ocr_line' id='line_1_21' title="bbox 184 2435 1314 2524; baseline 0.001 -24"><span class='ocrx_word' id='word_1_162' title='bbox 184 2435 407 2522; x_wconf 87' lang='lat' dir='ltr'>Wonwerius‚</span> <span class='ocrx_word' id='word_1_163' title='bbox 430 2441 542 2504; x_wconf 87' lang='lat' dir='ltr'>neseio</span> <span class='ocrx_word' id='word_1_164' title='bbox 566 2439 684 2524; x_wconf 91' lang='lat' dir='ltr'>quibus</span> <span class='ocrx_word' id='word_1_165' title='bbox 709 2438 818 2502; x_wconf 88' lang='lat' dir='ltr'>causis</span> <span class='ocrx_word' id='word_1_166' title='bbox 836 2438 1008 2520; x_wconf 84' lang='lat' dir='ltr'>adductus,</span> <span class='ocrx_word' id='word_1_167' title='bbox 1027 2438 1116 2503; x_wconf 87' lang='lat' dir='ltr'>feeit.</span> <span class='ocrx_word' id='word_1_168' title='bbox 1159 2435 1314 2524; x_wconf 85' lang='lat' dir='ltr'>Scriptoc</span> 
     </span>
     <span class='ocr_line' id='line_1_22' title="bbox 184 2541 1313 2630; baseline 0.003 -26"><span class='ocrx_word' id='word_1_169' title='bbox 184 2541 247 2606; x_wconf 88' lang='lat' dir='ltr'>hoe</span> <span class='ocrx_word' id='word_1_170' title='bbox 269 2544 366 2607; x_wconf 92' lang='lat' dir='ltr'>modo</span> <span class='ocrx_word' id='word_1_171' title='bbox 384 2544 526 2608; x_wconf 81' lang='lat' dir='ltr'>fortasse</span> <span class='ocrx_word' id='word_1_172' title='bbox 542 2551 693 2630; x_wconf 85' lang='lat' dir='ltr'>potuerat</span> <span class='ocrx_word' id='word_1_173' title='bbox 706 2542 805 2606; x_wconf 89' lang='lat' dir='ltr'>verba</span> <span class='ocrx_word' id='word_1_174' title='bbox 818 2543 981 2607; x_wconf 85' lang='lat' dir='ltr'>contrarie</span> <span class='ocrx_word' id='word_1_175' title='bbox 994 2543 1130 2606; x_wconf 84' lang='lat' dir='ltr'>referre:</span> <span class='ocrx_word' id='word_1_176' title='bbox 1147 2546 1313 2629; x_wconf 74' lang='lat' dir='ltr'>petrice</span> 
     </span>
     <span class='ocr_line' id='line_1_23' title="bbox 183 2647 1314 2734; baseline 0.001 -26"><span class='ocrx_word' id='word_1_177' title='bbox 183 2667 297 2727; x_wconf 84' lang='lat' dir='ltr'>meae,</span> <span class='ocrx_word' id='word_1_178' title='bbox 315 2651 554 2734; x_wconf 72' lang='lat' dir='ltr'>prouinciae</span> <span class='ocrx_word' id='word_1_179' title='bbox 587 2660 761 2728; x_wconf 77' lang='lat' dir='ltr'>nostroe,</span> <span class='ocrx_word' id='word_1_180' title='bbox 794 2647 871 2730; x_wconf 87' lang='lat' dir='ltr'>quia</span> <span class='ocrx_word' id='word_1_181' title='bbox 901 2647 1084 2710; x_wconf 83' lang='lat' dir='ltr'>Domnulus</span> <span class='ocrx_word' id='word_1_182' title='bbox 1111 2649 1208 2711; x_wconf 87' lang='lat' dir='ltr'>homo</span> <span class='ocrx_word' id='word_1_183' title='bbox 1232 2647 1314 2710; x_wconf 87' lang='lat' dir='ltr'>Afer</span> 
     </span>
     <span class='ocr_line' id='line_1_24' title="bbox 184 2759 264 2813; baseline -0.013 0"><span class='ocrx_word' id='word_1_184' title='bbox 184 2759 264 2813; x_wconf 83' lang='lat' dir='ltr'>erat.</span> 
     </span>
    </p>
   </div>
   <div class='ocr_carea' id='block_1_4' title="bbox 180 3060 1313 3665">
    <p class='ocr_par' dir='ltr' id='par_1_5' title="bbox 180 3060 1313 3458">
     <span class='ocr_line' id='line_1_25' title="bbox 287 3060 1313 3148; baseline 0 -23"><span class='ocrx_word' id='word_1_185' title='bbox 287 3060 349 3147; x_wconf 82' lang='lat' dir='ltr'>Ep.</span> <span class='ocrx_word' id='word_1_186' title='bbox 375 3061 406 3126; x_wconf 94' lang='lat' dir='ltr'>V</span> <span class='ocrx_word' id='word_1_187' title='bbox 432 3065 444 3124; x_wconf 95' lang='lat' dir='ltr'>l</span> <span class='ocrx_word' id='word_1_188' title='bbox 473 3061 575 3147; x_wconf 78' lang='lat'>(338).</span> <span class='ocrx_word' id='word_1_189' title='bbox 611 3061 720 3126; x_wconf 85' lang='lat' dir='ltr'>Audio</span> <span class='ocrx_word' id='word_1_190' title='bbox 744 3060 828 3148; x_wconf 82' lang='lat' dir='ltr'>quod</span> <span class='ocrx_word' id='word_1_191' title='bbox 852 3061 1040 3125; x_wconf 82' lang='lat' dir='ltr'>lectitandis</span> <span class='ocrx_word' id='word_1_192' title='bbox 1063 3065 1212 3147; x_wconf 79' lang='lat' dir='ltr'>epistulis</span> <span class='ocrx_word' id='word_1_193' title='bbox 1234 3066 1313 3126; x_wconf 83' lang='lat' dir='ltr'>meis</span> 
     </span>
     <span class='ocr_line' id='line_1_26' title="bbox 184 3166 1312 3252; baseline 0.001 -24"><span class='ocrx_word' id='word_1_194' title='bbox 184 3167 406 3248; x_wconf 79' lang='lat' dir='ltr'>voluptuosam</span> <span class='ocrx_word' id='word_1_195' title='bbox 426 3169 622 3251; x_wconf 82' lang='lat' dir='ltr'>patientiam</span> <span class='ocrx_word' id='word_1_196' title='bbox 650 3166 827 3251; x_wconf 82' lang='lat' dir='ltr'>impendeo.</span> <span class='ocrx_word' id='word_1_197' title='bbox 877 3167 1032 3252; x_wconf 66' lang='lat' dir='ltr'>Magnum</span> <span class='ocrx_word' id='word_1_198' title='bbox 1055 3167 1113 3230; x_wconf 82' lang='lat' dir='ltr'>leoc</span> <span class='ocrx_word' id='word_1_199' title='bbox 1136 3181 1181 3230; x_wconf 79' lang='lat' dir='ltr'>est</span> <span class='ocrx_word' id='word_1_200' title='bbox 1204 3179 1234 3229; x_wconf 84' lang='lat' dir='ltr'>et</span> <span class='ocrx_word' id='word_1_201' title='bbox 1259 3169 1312 3230; x_wconf 89' lang='lat' dir='ltr'>lit-</span> 
     </span>
     <span class='ocr_line' id='line_1_27' title="bbox 186 3269 1313 3356; baseline 0.004 -28"><span class='ocrx_word' id='word_1_202' title='bbox 186 3281 330 3334; x_wconf 79' lang='lat' dir='ltr'>terceum</span> <span class='ocrx_word' id='word_1_203' title='bbox 356 3272 430 3332; x_wconf 85' lang='lat' dir='ltr'>ciro</span> <span class='ocrx_word' id='word_1_204' title='bbox 460 3272 802 3348; x_wconf 79' lang='lat' dir='ltr'>conuenientissimum,</span> <span class='ocrx_word' id='word_1_205' title='bbox 828 3291 897 3332; x_wconf 86' lang='lat' dir='ltr'>cam</span> <span class='ocrx_word' id='word_1_206' title='bbox 926 3269 1044 3334; x_wconf 80' lang='lat' dir='ltr'>stadiis</span> <span class='ocrx_word' id='word_1_207' title='bbox 1067 3272 1136 3356; x_wconf 83' lang='lat' dir='ltr'>ipse</span> <span class='ocrx_word' id='word_1_208' title='bbox 1163 3273 1313 3335; x_wconf 83' lang='lat' dir='ltr'>macimie</span> 
     </span>
     <span class='ocr_line' id='line_1_28' title="bbox 180 3374 1073 3458; baseline 0.004 -26"><span class='ocrx_word' id='word_1_209' title='bbox 180 3374 316 3455; x_wconf 86' lang='lat' dir='ltr'>polleas,</span> <span class='ocrx_word' id='word_1_210' title='bbox 339 3394 376 3436; x_wconf 89' lang='lat' dir='ltr'>ec</span> <span class='ocrx_word' id='word_1_211' title='bbox 400 3385 435 3436; x_wconf 89' lang='lat' dir='ltr'>et</span> <span class='ocrx_word' id='word_1_212' title='bbox 457 3378 493 3436; x_wconf 82' lang='lat' dir='ltr'>ie</span> <span class='ocrx_word' id='word_1_213' title='bbox 515 3375 593 3437; x_wconf 80' lang='lat' dir='ltr'>eliis</span> <span class='ocrx_word' id='word_1_214' title='bbox 617 3376 715 3436; x_wconf 85' lang='lat' dir='ltr'>etiam</span> <span class='ocrx_word' id='word_1_215' title='bbox 736 3374 874 3436; x_wconf 83' lang='lat' dir='ltr'>minimo</span> <span class='ocrx_word' id='word_1_216' title='bbox 897 3375 1073 3458; x_wconf 82' lang='lat' dir='ltr'>complecti.</span> 
     </span>
    </p>

    <p class='ocr_par' dir='ltr' id='par_1_6' title="bbox 185 3473 1311 3665">
     <span class='ocr_line' id='line_1_29' title="bbox 287 3473 1311 3554; baseline 0 -14"><span class='ocrx_word' id='word_1_217' title='bbox 287 3476 351 3540; x_wconf 78' lang='lat' dir='ltr'>tlt.</span> <span class='ocrx_word' id='word_1_218' title='bbox 395 3475 441 3540; x_wconf 81' lang='lat' dir='ltr'>Et</span> <span class='ocrx_word' id='word_1_219' title='bbox 474 3477 589 3542; x_wconf 90' lang='lat' dir='ltr'>melius</span> <span class='ocrx_word' id='word_1_220' title='bbox 623 3477 784 3540; x_wconf 81' lang='lat' dir='ltr'>omittitur</span> <span class='ocrx_word' id='word_1_221' title='bbox 817 3477 849 3539; x_wconf 91' lang='lat' dir='ltr'>in</span> <span class='ocrx_word' id='word_1_222' title='bbox 873 3475 995 3554; x_wconf 84' lang='lat' dir='ltr'>AHV</span> <span class='ocrx_word' id='word_1_223' title='bbox 1019 3484 1051 3539; x_wconf 90' lang='lat' dir='ltr'>ct</span> <span class='ocrx_word' id='word_1_224' title='bbox 1073 3477 1107 3539; x_wconf 90' lang='lat' dir='ltr'>in</span> <span class='ocrx_word' id='word_1_225' title='bbox 1131 3473 1311 3540; x_wconf 84' lang='lat' dir='ltr'>Savaronis</span> 
     </span>
     <span class='ocr_line' id='line_1_30' title="bbox 185 3579 717 3665; baseline 0 -21"><span class='ocrx_word' id='word_1_226' title='bbox 185 3579 483 3665; x_wconf 79' lang='lat' dir='ltr'>Elmenllorstiique</span> <span class='ocrx_word' id='word_1_227' title='bbox 506 3580 717 3645; x_wconf 88' lang='lat' dir='ltr'>editionibus.</span> 
     </span>
    </p>
   </div>
   <div class='ocr_carea' id='block_1_5' title="bbox 184 3871 1403 4376">
    <p class='ocr_par' dir='ltr' id='par_1_7' title="bbox 184 3871 1403 4376">
     <span class='ocr_line' id='line_1_31' title="bbox 286 3871 1312 3962; baseline -0.004 -23"><span class='ocrx_word' id='word_1_228' title='bbox 286 3874 349 3962; x_wconf 80' lang='lat' dir='ltr'>Ep.</span> <span class='ocrx_word' id='word_1_229' title='bbox 373 3874 406 3939; x_wconf 93' lang='lat' dir='ltr'>V</span> <span class='ocrx_word' id='word_1_230' title='bbox 441 3878 453 3938; x_wconf 92' lang='lat' dir='ltr'>l</span> <span class='ocrx_word' id='word_1_231' title='bbox 497 3875 601 3961; x_wconf 88' lang='lat'><strong>(338).</strong></span> <span class='ocrx_word' id='word_1_232' title='bbox 648 3871 838 3938; x_wconf 79' lang='lat' dir='ltr'>Commendo</span> <span class='ocrx_word' id='word_1_233' title='bbox 879 3873 1063 3938; x_wconf 80' lang='lat' dir='ltr'>Vindicium</span> <span class='ocrx_word' id='word_1_234' title='bbox 1096 3875 1312 3937; x_wconf 79' lang='lat' dir='ltr'>neceesarium</span> 
     </span>
     <span class='ocr_line' id='line_1_32' title="bbox 184 3977 1312 4063; baseline -0.005 -21"><span class='ocrx_word' id='word_1_235' title='bbox 184 3999 296 4059; x_wconf 80' lang='lat' dir='ltr'>mcum,</span> <span class='ocrx_word' id='word_1_236' title='bbox 319 3981 427 4042; x_wconf 78' lang='lat' dir='ltr'>oleum</span> <span class='ocrx_word' id='word_1_237' title='bbox 455 3980 645 4063; x_wconf 57' lang='lat' dir='ltr'>religiosum</span> <span class='ocrx_word' id='word_1_238' title='bbox 673 3988 703 4041; x_wconf 88' lang='lat' dir='ltr'>et</span> <span class='ocrx_word' id='word_1_239' title='bbox 733 3977 880 4041; x_wconf 81' lang='lat' dir='ltr'>leviticae</span> <span class='ocrx_word' id='word_1_240' title='bbox 909 3977 1070 4063; x_wconf 71' lang='lat' dir='ltr'>dipnitati</span> <span class='ocrx_word' id='word_1_241' title='bbox 1092 3999 1191 4063; x_wconf 80' lang='lat' dir='ltr'>quom.</span> <span class='ocrx_word' id='word_1_242' title='bbox 1208 3997 1312 4061; x_wconf 68' lang='lat' dir='ltr'>aupes·</span> 
     </span>
     <span class='ocr_line' id='line_1_33' title="bbox 184 4081 1403 4167; baseline -0.002 -21"><span class='ocrx_word' id='word_1_243' title='bbox 184 4083 334 4166; x_wconf 78' lang='lat' dir='ltr'>indeptus</span> <span class='ocrx_word' id='word_1_244' title='bbox 362 4094 409 4146; x_wconf 83' lang='lat' dir='ltr'>eet</span> <span class='ocrx_word' id='word_1_245' title='bbox 437 4082 811 4146; x_wconf 77' lang='lat' dir='ltr'>accommodatissimum.</span> <span class='ocrx_word' id='word_1_246' title='bbox 859 4081 1031 4146; x_wconf 73' lang='lat' dir='ltr'>Cadmeis</span> <span class='ocrx_word' id='word_1_247' title='bbox 1054 4081 1311 4167; x_wconf 71' lang='lat' dir='ltr'>epoyilloeibue</span> <span class='ocrx_word' id='word_1_248' title='bbox 1400 4123 1403 4130; x_wconf 71' lang='lat'>,</span> 
     </span>
     <span class='ocr_line' id='line_1_34' title="bbox 186 4186 1311 4273; baseline 0 -25"><span class='ocrx_word' id='word_1_249' title='bbox 186 4188 367 4273; x_wconf 66' lang='lat' dir='ltr'>trccp‘ecue</span> <span class='ocrx_word' id='word_1_250' title='bbox 390 4207 468 4273; x_wconf 82' lang='lat' dir='ltr'>quoe</span> <span class='ocrx_word' id='word_1_251' title='bbox 491 4189 633 4251; x_wconf 79' lang='lat' dir='ltr'>iusseras</span> <span class='ocrx_word' id='word_1_252' title='bbox 655 4205 729 4248; x_wconf 82' lang='lat' dir='ltr'>non</span> <span class='ocrx_word' id='word_1_253' title='bbox 751 4206 908 4264; x_wconf 78' lang='lat' dir='ltr'>occano,</span> <span class='ocrx_word' id='word_1_254' title='bbox 923 4206 995 4269; x_wconf 82' lang='lat' dir='ltr'>pce·</span> <span class='ocrx_word' id='word_1_255' title='bbox 1018 4205 1128 4268; x_wconf 83' lang='lat' dir='ltr'>quom</span> <span class='ocrx_word' id='word_1_256' title='bbox 1153 4186 1311 4270; x_wconf 69' lang='lat' dir='ltr'>procio-</span> 
     </span>
     <span class='ocr_line' id='line_1_35' title="bbox 186 4289 1312 4376; baseline -0.003 -23"><span class='ocrx_word' id='word_1_257' title='bbox 186 4293 285 4354; x_wconf 88' lang='lat' dir='ltr'>ciam</span> <span class='ocrx_word' id='word_1_258' title='bbox 310 4291 380 4376; x_wconf 76' lang='lat' dir='ltr'>fei</span> <span class='ocrx_word' id='word_1_259' title='bbox 387 4302 409 4369; x_wconf 87' lang='lat' dir='ltr'>t,</span> <span class='ocrx_word' id='word_1_260' title='bbox 434 4292 485 4353; x_wconf 83' lang='lat' dir='ltr'>leio</span> <span class='ocrx_word' id='word_1_261' title='bbox 509 4291 598 4354; x_wconf 86' lang='lat' dir='ltr'>cobis</span> <span class='ocrx_word' id='word_1_262' title='bbox 623 4290 749 4376; x_wconf 83' lang='lat' dir='ltr'>aliquid</span> <span class='ocrx_word' id='word_1_263' title='bbox 771 4293 943 4352; x_wconf 72' lang='lat' dir='ltr'>neniarum</span> <span class='ocrx_word' id='word_1_264' title='bbox 966 4290 1147 4352; x_wconf 81' lang='lat' dir='ltr'>munusculi</span> <span class='ocrx_word' id='word_1_265' title='bbox 1169 4292 1236 4352; x_wconf 86' lang='lat' dir='ltr'>eice</span> <span class='ocrx_word' id='word_1_266' title='bbox 1260 4289 1312 4352; x_wconf 87' lang='lat' dir='ltr'>de-</span> 
     </span>
    </p>
   </div>
   <div class='ocr_carea' id='block_1_6' title="bbox 0 0 1599 4900">
    <p class='ocr_par' dir='ltr' id='par_1_8' title="bbox 0 0 1599 4900">
     <span class='ocr_line' id='line_1_36' title="bbox 0 0 1599 4900; baseline 0 0"><span class='ocrx_word' id='word_1_267' title='bbox 0 0 1599 4900; x_wconf 95' lang='lat' dir='ltr'> </span> 
     </span>
    </p>
   </div>
  </div>
 </body>
</html>
