<?xml version="1.0" encoding="UTF-8"?>
<!DOCTYPE html PUBLIC "-//W3C//DTD XHTML 1.0 Transitional//EN"
    "http://www.w3.org/TR/xhtml1/DTD/xhtml1-transitional.dtd">
<html xmlns="http://www.w3.org/1999/xhtml" xml:lang="en" lang="en">
 <head>
  <title>
</title>
<meta http-equiv="Content-Type" content="text/html;charset=utf-8" />
  <meta name='ocr-system' content='tesseract 3.04.00' />
  <meta name='ocr-capabilities' content='ocr_page ocr_carea ocr_par ocr_line ocrx_word'/>
</head>
<body>
  <div class='ocr_page' id='page_1' title='image "./deapollinarisid00gustgoog_0133.png"; bbox 0 0 3186 4900; ppageno 0'>
   <div class='ocr_carea' id='block_1_1' title="bbox 325 225 386 290">
    <p class='ocr_par' dir='ltr' id='par_1_1' title="bbox 325 225 386 290">
     <span class='ocr_line' id='line_1_1' title="bbox 325 225 386 290; baseline -0.033 0"><span class='ocrx_word' id='word_1_1' title='bbox 325 225 386 290; x_wconf 73' lang='lat'>104</span> 
     </span>
    </p>
   </div>
   <div class='ocr_carea' id='block_1_2' title="bbox 270 410 1410 1828">
    <p class='ocr_par' dir='ltr' id='par_1_2' title="bbox 270 410 1409 809">
     <span class='ocr_line' id='line_1_2' title="bbox 381 410 1409 504; baseline 0.002 -26"><span class='ocrx_word' id='word_1_2' title='bbox 381 411 445 499; x_wconf 80' lang='lat' dir='ltr'>Ep.</span> <span class='ocrx_word' id='word_1_3' title='bbox 468 411 560 480; x_wconf 86' lang='lat' dir='ltr'>VIII</span> <span class='ocrx_word' id='word_1_4' title='bbox 582 413 601 475; x_wconf 89' lang='lat'><strong>6</strong></span> <span class='ocrx_word' id='word_1_5' title='bbox 624 413 730 500; x_wconf 82' lang='lat'><strong>(406).</strong></span> <span class='ocrx_word' id='word_1_6' title='bbox 778 410 828 480; x_wconf 80' lang='lat' dir='ltr'>Ta</span> <span class='ocrx_word' id='word_1_7' title='bbox 859 435 944 480; x_wconf 77' lang='lat' dir='ltr'>naar</span> <span class='ocrx_word' id='word_1_8' title='bbox 971 416 1058 480; x_wconf 77' lang='lat' dir='ltr'>later</span> <span class='ocrx_word' id='word_1_9' title='bbox 1086 419 1152 481; x_wconf 78' lang='lat' dir='ltr'>ieta</span> <span class='ocrx_word' id='word_1_10' title='bbox 1175 417 1253 504; x_wconf 77' lang='lat' dir='ltr'>qaid</span> <span class='ocrx_word' id='word_1_11' title='bbox 1279 417 1409 482; x_wconf 71' lang='lat' dir='ltr'>romani</span> 
     </span>
     <span class='ocr_line' id='line_1_3' title="bbox 279 516 1409 603; baseline 0.002 -23"><span class='ocrx_word' id='word_1_12' title='bbox 279 539 356 603; x_wconf 75' lang='lat' dir='ltr'>quas</span> <span class='ocrx_word' id='word_1_13' title='bbox 384 516 468 580; x_wconf 78' lang='lat' dir='ltr'>milti</span> <span class='ocrx_word' id='word_1_14' title='bbox 494 517 537 581; x_wconf 83' lang='lat' dir='ltr'>ad</span> <span class='ocrx_word' id='word_1_15' title='bbox 559 519 661 582; x_wconf 78' lang='lat' dir='ltr'>vicem</span> <span class='ocrx_word' id='word_1_16' title='bbox 682 538 773 582; x_wconf 78' lang='lat' dir='ltr'>meree</span> <span class='ocrx_word' id='word_1_17' title='bbox 794 539 859 582; x_wconf 80' lang='lat' dir='ltr'>moa</span> <span class='ocrx_word' id='word_1_18' title='bbox 881 523 987 584; x_wconf 79' lang='lat' dir='ltr'><strong><em>minas</em></strong></span> <span class='ocrx_word' id='word_1_19' title='bbox 1011 520 1112 584; x_wconf 77' lang='lat' dir='ltr'>cardi.</span> <span class='ocrx_word' id='word_1_20' title='bbox 1163 521 1301 586; x_wconf 78' lang='lat' dir='ltr'>Veneris</span> <span class='ocrx_word' id='word_1_21' title='bbox 1323 523 1409 586; x_wconf 80' lang='lat' dir='ltr'>acdi-</span> 
     </span>
     <span class='ocr_line' id='line_1_4' title="bbox 270 619 1409 709; baseline 0.002 -25"><span class='ocrx_word' id='word_1_22' title='bbox 270 619 354 702; x_wconf 79' lang='lat' dir='ltr'>ficas</span> <span class='ocrx_word' id='word_1_23' title='bbox 388 619 624 688; x_wconf 66' lang='lat' dir='ltr'>raeticarum?</span> <span class='ocrx_word' id='word_1_24' title='bbox 657 644 700 686; x_wconf 81' lang='lat' dir='ltr'>aa</span> <span class='ocrx_word' id='word_1_25' title='bbox 728 622 843 686; x_wconf 72' lang='lat' dir='ltr'>aarum</span> <span class='ocrx_word' id='word_1_26' title='bbox 865 623 992 708; x_wconf 64' lang='lat' dir='ltr'>alequid</span> <span class='ocrx_word' id='word_1_27' title='bbox 1013 645 1122 704; x_wconf 78' lang='lat' dir='ltr'><strong><em>amam,</em></strong></span> <span class='ocrx_word' id='word_1_28' title='bbox 1146 647 1188 686; x_wconf 81' lang='lat' dir='ltr'>aa</span> <span class='ocrx_word' id='word_1_29' title='bbox 1211 626 1340 709; x_wconf 70' lang='lat' dir='ltr'>aiayula</span> <span class='ocrx_word' id='word_1_30' title='bbox 1362 627 1409 686; x_wconf 72' lang='grc' dir='ltr'>υί-</span> 
     </span>
     <span class='ocr_line' id='line_1_5' title="bbox 278 725 836 809; baseline 0.002 -22"><span class='ocrx_word' id='word_1_31' title='bbox 278 725 396 804; x_wconf 76' lang='lat' dir='ltr'>cissim,</span> <span class='ocrx_word' id='word_1_32' title='bbox 419 747 462 788; x_wconf 80' lang='lat' dir='ltr'>aa</span> <span class='ocrx_word' id='word_1_33' title='bbox 478 726 613 809; x_wconf 81' lang='lat' dir='ltr'>pariter</span> <span class='ocrx_word' id='word_1_34' title='bbox 635 736 665 789; x_wconf 81' lang='lat' dir='ltr'>at</span> <span class='ocrx_word' id='word_1_35' title='bbox 689 735 836 790; x_wconf 79' lang='lat' dir='ltr'>crarta.</span> 
     </span>
    </p>

    <p class='ocr_par' dir='ltr' id='par_1_3' title="bbox 277 826 1410 1828">
     <span class='ocr_line' id='line_1_6' title="bbox 381 826 1410 894; baseline 0.001 -2"><span class='ocrx_word' id='word_1_36' title='bbox 381 827 445 894; x_wconf 66' lang='lat' dir='ltr'>III.</span> <span class='ocrx_word' id='word_1_37' title='bbox 480 827 525 892; x_wconf 80' lang='lat' dir='ltr'>Et</span> <span class='ocrx_word' id='word_1_38' title='bbox 544 832 681 894; x_wconf 80' lang='lat' dir='ltr'>cuuctt&#39;m</span> <span class='ocrx_word' id='word_1_39' title='bbox 699 850 737 893; x_wconf 83' lang='lat' dir='ltr'>ex</span> <span class='ocrx_word' id='word_1_40' title='bbox 750 827 913 894; x_wconf 82' lang='lat' dir='ltr'>A·codice</span> <span class='ocrx_word' id='word_1_41' title='bbox 929 826 1138 894; x_wconf 89' lang='lat' dir='ltr'>scribendum</span> <span class='ocrx_word' id='word_1_42' title='bbox 1154 829 1292 892; x_wconf 89' lang='lat' dir='ltr'>videtur.</span> <span class='ocrx_word' id='word_1_43' title='bbox 1316 828 1410 893; x_wconf 89' lang='lat' dir='ltr'>Idem</span> 
     </span>
     <span class='ocr_line' id='line_1_7' title="bbox 279 929 1410 1018; baseline 0.001 -24"><span class='ocrx_word' id='word_1_44' title='bbox 279 929 312 994; x_wconf 93' lang='lat' dir='ltr'>iu</span> <span class='ocrx_word' id='word_1_45' title='bbox 337 929 369 996; x_wconf 91' lang='lat' dir='ltr'>V</span> <span class='ocrx_word' id='word_1_46' title='bbox 392 931 596 997; x_wconf 79' lang='lat' dir='ltr'>correctione</span> <span class='ocrx_word' id='word_1_47' title='bbox 620 931 770 996; x_wconf 87' lang='lat' dir='ltr'>effectum</span> <span class='ocrx_word' id='word_1_48' title='bbox 792 939 853 1014; x_wconf 84' lang='lat' dir='ltr'>est,</span> <span class='ocrx_word' id='word_1_49' title='bbox 876 932 910 996; x_wconf 90' lang='lat' dir='ltr'>in</span> <span class='ocrx_word' id='word_1_50' title='bbox 931 931 966 996; x_wconf 91' lang='lat' dir='ltr'>H</span> <span class='ocrx_word' id='word_1_51' title='bbox 984 931 1089 1018; x_wconf 87' lang='lat' dir='ltr'>prima</span> <span class='ocrx_word' id='word_1_52' title='bbox 1111 955 1207 996; x_wconf 85' lang='lat' dir='ltr'>manu</span> <span class='ocrx_word' id='word_1_53' title='bbox 1230 931 1410 1018; x_wconf 88' lang='lat' dir='ltr'>superscri-</span> 
     </span>
     <span class='ocr_line' id='line_1_8' title="bbox 278 1031 1410 1122; baseline 0 -24"><span class='ocrx_word' id='word_1_54' title='bbox 278 1031 366 1098; x_wconf 89' lang='lat' dir='ltr'>bitur</span> <span class='ocrx_word' id='word_1_55' title='bbox 389 1034 541 1122; x_wconf 77' lang='lat' dir='ltr'>vulgatae</span> <span class='ocrx_word' id='word_1_56' title='bbox 563 1034 699 1100; x_wconf 87' lang='lat' dir='ltr'>lectioni</span> <span class='ocrx_word' id='word_1_57' title='bbox 723 1048 846 1100; x_wconf 77' lang='lat' dir='ltr'>cancta.</span> <span class='ocrx_word' id='word_1_58' title='bbox 880 1034 922 1100; x_wconf 94' lang='lat' dir='ltr'>Id</span> <span class='ocrx_word' id='word_1_59' title='bbox 944 1035 977 1098; x_wconf 91' lang='lat' dir='ltr'>iu</span> <span class='ocrx_word' id='word_1_60' title='bbox 1001 1035 1034 1099; x_wconf 95' lang='lat' dir='ltr'>V</span> <span class='ocrx_word' id='word_1_61' title='bbox 1056 1035 1160 1100; x_wconf 85' lang='lat' dir='ltr'>fuisse</span> <span class='ocrx_word' id='word_1_62' title='bbox 1183 1058 1248 1099; x_wconf 89' lang='lat' dir='ltr'>uon</span> <span class='ocrx_word' id='word_1_63' title='bbox 1271 1034 1410 1116; x_wconf 83' lang='lat' dir='ltr'>videtur,</span> 
     </span>
     <span class='ocr_line' id='line_1_9' title="bbox 278 1136 1409 1225; baseline 0.001 -24"><span class='ocrx_word' id='word_1_64' title='bbox 278 1136 311 1202; x_wconf 86' lang='lat' dir='ltr'>iu</span> <span class='ocrx_word' id='word_1_65' title='bbox 335 1137 367 1202; x_wconf 83' lang='lat' dir='ltr'>A</span> <span class='ocrx_word' id='word_1_66' title='bbox 390 1137 516 1204; x_wconf 86' lang='lat' dir='ltr'>codicis</span> <span class='ocrx_word' id='word_1_67' title='bbox 540 1138 686 1224; x_wconf 82' lang='lat' dir='ltr'><strong>margine</strong></span> <span class='ocrx_word' id='word_1_68' title='bbox 708 1139 879 1225; x_wconf 87' lang='lat' dir='ltr'>reperitur.</span> <span class='ocrx_word' id='word_1_69' title='bbox 913 1138 955 1204; x_wconf 92' lang='lat' dir='ltr'>Iu</span> <span class='ocrx_word' id='word_1_70' title='bbox 972 1137 1033 1204; x_wconf 80' lang='lat' dir='ltr'>hac</span> <span class='ocrx_word' id='word_1_71' title='bbox 1051 1138 1194 1224; x_wconf 77' lang='lat' dir='ltr'><strong>epistula</strong></span> <span class='ocrx_word' id='word_1_72' title='bbox 1211 1140 1305 1225; x_wconf 76' lang='lat'>(405)</span> <span class='ocrx_word' id='word_1_73' title='bbox 1318 1159 1409 1203; x_wconf 83' lang='lat' dir='ltr'>raac-</span> 
     </span>
     <span class='ocr_line' id='line_1_10' title="bbox 279 1241 1410 1328; baseline 0 -22"><span class='ocrx_word' id='word_1_74' title='bbox 279 1244 339 1306; x_wconf 77' lang='lat' dir='ltr'>tr&#39;m</span> <span class='ocrx_word' id='word_1_75' title='bbox 360 1241 474 1306; x_wconf 86' lang='lat' dir='ltr'>eodem</span> <span class='ocrx_word' id='word_1_76' title='bbox 498 1241 565 1306; x_wconf 87' lang='lat' dir='ltr'>fere</span> <span class='ocrx_word' id='word_1_77' title='bbox 587 1241 684 1306; x_wconf 91' lang='lat' dir='ltr'><strong><em>modo</em></strong></span> <span class='ocrx_word' id='word_1_78' title='bbox 702 1242 847 1328; x_wconf 88' lang='lat' dir='ltr'>positum</span> <span class='ocrx_word' id='word_1_79' title='bbox 870 1249 935 1306; x_wconf 84' lang='lat' dir='ltr'>est:</span> <span class='ocrx_word' id='word_1_80' title='bbox 958 1245 1016 1327; x_wconf 76' lang='lat' dir='ltr'>qai</span> <span class='ocrx_word' id='word_1_81' title='bbox 1037 1263 1102 1305; x_wconf 85' lang='lat' dir='ltr'>aaa</span> <span class='ocrx_word' id='word_1_82' title='bbox 1124 1245 1241 1307; x_wconf 78' lang='lat' dir='ltr'>ramim</span> <span class='ocrx_word' id='word_1_83' title='bbox 1266 1245 1410 1326; x_wconf 70' lang='lat' dir='ltr'>stapula-</span> 
     </span>
     <span class='ocr_line' id='line_1_11' title="bbox 279 1339 1410 1431; baseline 0.001 -22"><span class='ocrx_word' id='word_1_84' title='bbox 279 1346 411 1430; x_wconf 71' lang='lat' dir='ltr'>umque,</span> <span class='ocrx_word' id='word_1_85' title='bbox 436 1344 490 1408; x_wconf 81' lang='lat' dir='ltr'>eccl</span> <span class='ocrx_word' id='word_1_86' title='bbox 513 1347 737 1410; x_wconf 74' lang='lat' dir='ltr'><strong><em>tumultuatim</em></strong></span> <span class='ocrx_word' id='word_1_87' title='bbox 756 1351 879 1431; x_wconf 78' lang='lat' dir='ltr'>petitae</span> <span class='ocrx_word' id='word_1_88' title='bbox 902 1355 932 1408; x_wconf 85' lang='lat' dir='ltr'>et</span> <span class='ocrx_word' id='word_1_89' title='bbox 956 1348 1134 1410; x_wconf 78' lang='lat' dir='ltr'>cunctim.</span> <span class='ocrx_word' id='word_1_90' title='bbox 1180 1339 1294 1410; x_wconf 82' lang='lat' dir='ltr'>Codex</span> <span class='ocrx_word' id='word_1_91' title='bbox 1318 1345 1349 1409; x_wconf 90' lang='lat' dir='ltr'><strong>R</strong></span> <span class='ocrx_word' id='word_1_92' title='bbox 1371 1368 1410 1410; x_wconf 86' lang='lat' dir='ltr'>ac</span> 
     </span>
     <span class='ocr_line' id='line_1_12' title="bbox 279 1444 1409 1534; baseline 0 -22"><span class='ocrx_word' id='word_1_93' title='bbox 279 1444 473 1514; x_wconf 79' lang='lat' dir='ltr'>Sirmoudus</span> <span class='ocrx_word' id='word_1_94' title='bbox 507 1447 711 1534; x_wconf 84' lang='lat' dir='ltr'>Baretusque</span> <span class='ocrx_word' id='word_1_95' title='bbox 746 1461 775 1514; x_wconf 85' lang='lat' dir='ltr'>et</span> <span class='ocrx_word' id='word_1_96' title='bbox 810 1461 924 1514; x_wconf 79' lang='lat' dir='ltr'>cancta</span> <span class='ocrx_word' id='word_1_97' title='bbox 966 1448 1098 1531; x_wconf 82' lang='lat' dir='ltr'>habeut,</span> <span class='ocrx_word' id='word_1_98' title='bbox 1132 1449 1232 1514; x_wconf 86' lang='lat' dir='ltr'>ceteri</span> <span class='ocrx_word' id='word_1_99' title='bbox 1265 1449 1409 1513; x_wconf 83' lang='lat' dir='ltr'>editores</span> 
     </span>
     <span class='ocr_line' id='line_1_13' title="bbox 278 1555 1410 1640; baseline -0.003 -20"><span class='ocrx_word' id='word_1_100' title='bbox 278 1567 307 1620; x_wconf 84' lang='lat' dir='ltr'>et</span> <span class='ocrx_word' id='word_1_101' title='bbox 331 1555 454 1620; x_wconf 90' lang='lat' dir='ltr'>omisso</span> <span class='ocrx_word' id='word_1_102' title='bbox 485 1567 598 1622; x_wconf 79' lang='lat' dir='ltr'><strong><em>macta</em></strong></span> <span class='ocrx_word' id='word_1_103' title='bbox 626 1557 777 1637; x_wconf 82' lang='lat' dir='ltr'><strong><em>retinent,</em></strong></span> <span class='ocrx_word' id='word_1_104' title='bbox 799 1555 888 1640; x_wconf 87' lang='lat' dir='ltr'>quod</span> <span class='ocrx_word' id='word_1_105' title='bbox 911 1563 1000 1620; x_wconf 87' lang='lat' dir='ltr'>certe</span> <span class='ocrx_word' id='word_1_106' title='bbox 1021 1555 1138 1620; x_wconf 87' lang='lat' dir='ltr'>melius</span> <span class='ocrx_word' id='word_1_107' title='bbox 1161 1563 1223 1636; x_wconf 84' lang='lat' dir='ltr'>est,</span> <span class='ocrx_word' id='word_1_108' title='bbox 1247 1555 1275 1618; x_wconf 91' lang='lat' dir='ltr'>si</span> <span class='ocrx_word' id='word_1_109' title='bbox 1298 1556 1331 1618; x_wconf 81' lang='lat' dir='ltr'>A</span> <span class='ocrx_word' id='word_1_110' title='bbox 1354 1577 1410 1618; x_wconf 91' lang='lat' dir='ltr'>co-</span> 
     </span>
     <span class='ocr_line' id='line_1_14' title="bbox 277 1655 1409 1744; baseline -0.003 -21"><span class='ocrx_word' id='word_1_111' title='bbox 277 1657 382 1724; x_wconf 83' lang='lat' dir='ltr'>dicem</span> <span class='ocrx_word' id='word_1_112' title='bbox 400 1681 465 1724; x_wconf 91' lang='lat' dir='ltr'>ucu</span> <span class='ocrx_word' id='word_1_113' title='bbox 482 1659 656 1744; x_wconf 80' lang='lat' dir='ltr'>sequiurur.</span> <span class='ocrx_word' id='word_1_114' title='bbox 693 1655 759 1724; x_wconf 79' lang='lat' dir='ltr'>Sed</span> <span class='ocrx_word' id='word_1_115' title='bbox 782 1681 844 1744; x_wconf 85' lang='lat' dir='ltr'>ego</span> <span class='ocrx_word' id='word_1_116' title='bbox 869 1680 934 1724; x_wconf 89' lang='lat' dir='ltr'>uon</span> <span class='ocrx_word' id='word_1_117' title='bbox 956 1658 1071 1723; x_wconf 89' lang='lat' dir='ltr'>dubito</span> <span class='ocrx_word' id='word_1_118' title='bbox 1093 1659 1172 1742; x_wconf 88' lang='lat' dir='ltr'>quin</span> <span class='ocrx_word' id='word_1_119' title='bbox 1194 1657 1242 1724; x_wconf 91' lang='lat' dir='ltr'>ibi</span> <span class='ocrx_word' id='word_1_120' title='bbox 1264 1658 1409 1721; x_wconf 85' lang='lat' dir='ltr'>invenia-</span> 
     </span>
     <span class='ocr_line' id='line_1_15' title="bbox 278 1769 474 1828; baseline 0.01 -4"><span class='ocrx_word' id='word_1_121' title='bbox 278 1769 331 1827; x_wconf 87' lang='lat' dir='ltr'>tur</span> <span class='ocrx_word' id='word_1_122' title='bbox 355 1785 474 1828; x_wconf 87' lang='lat' dir='ltr'>verum.</span> 
     </span>
    </p>
   </div>
   <div class='ocr_carea' id='block_1_3' title="bbox 274 2070 1411 3092">
    <p class='ocr_par' dir='ltr' id='par_1_4' title="bbox 274 2070 1411 3092">
     <span class='ocr_line' id='line_1_16' title="bbox 379 2070 1411 2160; baseline -0.004 -22"><span class='ocrx_word' id='word_1_123' title='bbox 379 2071 443 2159; x_wconf 77' lang='lat' dir='ltr'>up.</span> <span class='ocrx_word' id='word_1_124' title='bbox 462 2070 563 2138; x_wconf 86' lang='lat' dir='ltr'>VIII.</span> <span class='ocrx_word' id='word_1_125' title='bbox 586 2072 605 2136; x_wconf 91' lang='lat'><strong>6</strong></span> <span class='ocrx_word' id='word_1_126' title='bbox 629 2072 734 2158; x_wconf 79' lang='lat'><strong>(408).</strong></span> <span class='ocrx_word' id='word_1_127' title='bbox 770 2071 951 2138; x_wconf 79' lang='lat' dir='ltr'>Praeterea</span> <span class='ocrx_word' id='word_1_128' title='bbox 963 2076 1156 2160; x_wconf 77' lang='lat' dir='ltr'>priusquam</span> <span class='ocrx_word' id='word_1_129' title='bbox 1173 2073 1211 2136; x_wconf 80' lang='lat' dir='ltr'>de</span> <span class='ocrx_word' id='word_1_130' title='bbox 1228 2074 1411 2137; x_wconf 78' lang='lat' dir='ltr'>continenti</span> 
     </span>
     <span class='ocr_line' id='line_1_17' title="bbox 277 2177 1408 2264; baseline -0.002 -24"><span class='ocrx_word' id='word_1_131' title='bbox 277 2179 312 2240; x_wconf 74' lang='lat' dir='ltr'>in</span> <span class='ocrx_word' id='word_1_132' title='bbox 336 2178 487 2264; x_wconf 76' lang='lat' dir='ltr'>patriam</span> <span class='ocrx_word' id='word_1_133' title='bbox 515 2177 586 2242; x_wconf 82' lang='lat' dir='ltr'>urla</span> <span class='ocrx_word' id='word_1_134' title='bbox 614 2177 760 2242; x_wconf 77' lang='lat' dir='ltr'><strong><em>laaaatm</em></strong></span> <span class='ocrx_word' id='word_1_135' title='bbox 788 2178 910 2242; x_wconf 77' lang='lat' dir='ltr'>lortt&#39;ro</span> <span class='ocrx_word' id='word_1_136' title='bbox 942 2179 1109 2242; x_wconf 80' lang='lat' dir='ltr'>mordaces</span> <span class='ocrx_word' id='word_1_137' title='bbox 1137 2177 1297 2241; x_wconf 78' lang='lat' dir='ltr'>anchorae</span> <span class='ocrx_word' id='word_1_138' title='bbox 1325 2177 1408 2240; x_wconf 79' lang='lat' dir='ltr'><strong><em>vado</em></strong></span> 
     </span>
     <span class='ocr_line' id='line_1_18' title="bbox 275 2281 1410 2368; baseline -0.002 -24"><span class='ocrx_word' id='word_1_139' title='bbox 275 2281 407 2360; x_wconf 77' lang='lat' dir='ltr'>vellant,</span> <span class='ocrx_word' id='word_1_140' title='bbox 431 2301 499 2344; x_wconf 84' lang='lat' dir='ltr'>moe</span> <span class='ocrx_word' id='word_1_141' title='bbox 521 2291 568 2344; x_wconf 80' lang='lat' dir='ltr'>eet</span> <span class='ocrx_word' id='word_1_142' title='bbox 590 2283 783 2345; x_wconf 76' lang='lat' dir='ltr'>remeaturis</span> <span class='ocrx_word' id='word_1_143' title='bbox 804 2281 961 2346; x_wconf 68' lang='lat' dir='ltr'>dommum</span> <span class='ocrx_word' id='word_1_144' title='bbox 987 2301 1136 2368; x_wconf 75' lang='lat' dir='ltr'>quemque</span> <span class='ocrx_word' id='word_1_145' title='bbox 1159 2293 1329 2366; x_wconf 74' lang='lat' dir='ltr'>captorum</span> <span class='ocrx_word' id='word_1_146' title='bbox 1347 2301 1410 2366; x_wconf 81' lang='lat' dir='ltr'>per</span> 
     </span>
     <span class='ocr_line' id='line_1_19' title="bbox 277 2383 1408 2472; baseline 0 -24"><span class='ocrx_word' id='word_1_147' title='bbox 277 2385 460 2472; x_wconf 77' lang='lat' dir='ltr'>aequales</span> <span class='ocrx_word' id='word_1_148' title='bbox 486 2395 517 2448; x_wconf 82' lang='lat' dir='ltr'>et</span> <span class='ocrx_word' id='word_1_149' title='bbox 540 2385 723 2449; x_wconf 72' lang='lat' dir='ltr'>cruciarias</span> <span class='ocrx_word' id='word_1_150' title='bbox 740 2403 864 2470; x_wconf 74' lang='lat' dir='ltr'>poenas</span> <span class='ocrx_word' id='word_1_151' title='bbox 881 2387 959 2470; x_wconf 79' lang='lat' dir='ltr'>plur</span> <span class='ocrx_word' id='word_1_152' title='bbox 981 2384 1019 2448; x_wconf 81' lang='lat' dir='ltr'>ob</span> <span class='ocrx_word' id='word_1_153' title='bbox 1044 2385 1102 2448; x_wconf 78' lang='lat' dir='ltr'>toa</span> <span class='ocrx_word' id='word_1_154' title='bbox 1125 2387 1226 2463; x_wconf 78' lang='lat' dir='ltr'>tristi,</span> <span class='ocrx_word' id='word_1_155' title='bbox 1249 2383 1335 2468; x_wconf 75' lang='lat' dir='ltr'><strong><em>qaod</em></strong></span> <span class='ocrx_word' id='word_1_156' title='bbox 1357 2407 1408 2448; x_wconf 78' lang='lat' dir='ltr'>crr-</span> 
     </span>
     <span class='ocr_line' id='line_1_20' title="bbox 274 2487 1409 2574; baseline -0.004 -22"><span class='ocrx_word' id='word_1_157' title='bbox 274 2491 475 2574; x_wconf 78' lang='lat' dir='ltr'>perrtt&#39;tt&#39;oro,</span> <span class='ocrx_word' id='word_1_158' title='bbox 498 2488 569 2551; x_wconf 76' lang='lat' dir='ltr'>ritu</span> <span class='ocrx_word' id='word_1_159' title='bbox 590 2508 705 2552; x_wconf 76' lang='lat' dir='ltr'>nccare</span> <span class='ocrx_word' id='word_1_160' title='bbox 727 2508 882 2574; x_wconf 73' lang='lat' dir='ltr'>superque</span> <span class='ocrx_word' id='word_1_161' title='bbox 906 2489 1070 2553; x_wconf 78' lang='lat' dir='ltr'><strong><em>collectam</em></strong></span> <span class='ocrx_word' id='word_1_162' title='bbox 1093 2487 1222 2551; x_wconf 75' lang='lat' dir='ltr'>turbam</span> <span class='ocrx_word' id='word_1_163' title='bbox 1241 2490 1409 2571; x_wconf 78' lang='lat' dir='ltr'>perituro-</span> 
     </span>
     <span class='ocr_line' id='line_1_21' title="bbox 277 2589 1408 2677; baseline 0 -25"><span class='ocrx_word' id='word_1_164' title='bbox 277 2611 350 2654; x_wconf 78' lang='lat' dir='ltr'>mrm</span> <span class='ocrx_word' id='word_1_165' title='bbox 372 2591 490 2654; x_wconf 72' lang='lat' dir='ltr'>mortis</span> <span class='ocrx_word' id='word_1_166' title='bbox 512 2591 720 2677; x_wconf 73' lang='lat' dir='ltr'>iniquitatem</span> <span class='ocrx_word' id='word_1_167' title='bbox 743 2593 843 2655; x_wconf 75' lang='lat' dir='ltr'>rar-tir</span> <span class='ocrx_word' id='word_1_168' title='bbox 866 2593 1027 2675; x_wconf 68' lang='lat' dir='ltr'>aequitate</span> <span class='ocrx_word' id='word_1_169' title='bbox 1050 2589 1248 2675; x_wconf 77' lang='lat' dir='ltr'>dieperqere.</span> <span class='ocrx_word' id='word_1_170' title='bbox 1298 2589 1408 2654; x_wconf 84' lang='lat' dir='ltr'>Tali-</span> 
     </span>
     <span class='ocr_line' id='line_1_22' title="bbox 277 2693 1408 2779; baseline -0.005 -19"><span class='ocrx_word' id='word_1_171' title='bbox 277 2693 344 2760; x_wconf 79' lang='lat' dir='ltr'>bur</span> <span class='ocrx_word' id='word_1_172' title='bbox 373 2715 410 2758; x_wconf 80' lang='lat' dir='ltr'>rr</span> <span class='ocrx_word' id='word_1_173' title='bbox 444 2695 575 2779; x_wconf 65' lang='lat' dir='ltr'>liquat</span> <span class='ocrx_word' id='word_1_174' title='bbox 609 2696 729 2768; x_wconf 72' lang='lat' dir='ltr'>eatis,</span> <span class='ocrx_word' id='word_1_175' title='bbox 763 2695 943 2758; x_wconf 79' lang='lat' dir='ltr'>m&#39;ctr&#39;mr&#39;e</span> <span class='ocrx_word' id='word_1_176' title='bbox 976 2695 1134 2758; x_wconf 75' lang='lat' dir='ltr'>solvunt</span> <span class='ocrx_word' id='word_1_177' title='bbox 1168 2704 1199 2756; x_wconf 84' lang='lat' dir='ltr'>et</span> <span class='ocrx_word' id='word_1_178' title='bbox 1223 2714 1284 2778; x_wconf 78' lang='lat' dir='ltr'>per·</span> <span class='ocrx_word' id='word_1_179' title='bbox 1312 2694 1408 2756; x_wconf 74' lang='lat' dir='ltr'>Iratus</span> 
     </span>
     <span class='ocr_line' id='line_1_23' title="bbox 275 2797 1409 2882; baseline -0.002 -20"><span class='ocrx_word' id='word_1_180' title='bbox 275 2797 365 2862; x_wconf 77' lang='lat' dir='ltr'>trrurlt&#39;</span> <span class='ocrx_word' id='word_1_181' title='bbox 397 2818 462 2862; x_wconf 76' lang='lat' dir='ltr'>acu</span> <span class='ocrx_word' id='word_1_182' title='bbox 491 2807 558 2860; x_wconf 85' lang='lat' dir='ltr'>tam</span> <span class='ocrx_word' id='word_1_183' title='bbox 584 2797 748 2878; x_wconf 67' lang='lat' dir='ltr'>sacrificia</span> <span class='ocrx_word' id='word_1_184' title='bbox 775 2800 924 2882; x_wconf 70' lang='lat' dir='ltr'>perpati,</span> <span class='ocrx_word' id='word_1_185' title='bbox 958 2817 1054 2882; x_wconf 79' lang='lat' dir='ltr'><strong><em>qaam</em></strong></span> <span class='ocrx_word' id='word_1_186' title='bbox 1086 2798 1263 2882; x_wconf 76' lang='lat' dir='ltr'>sacrileqr&#39;a</span> <span class='ocrx_word' id='word_1_187' title='bbox 1287 2798 1409 2881; x_wconf 80' lang='lat' dir='ltr'>polluti</span> 
     </span>
     <span class='ocr_line' id='line_1_24' title="bbox 277 2900 1408 2988; baseline -0.002 -24"><span class='ocrx_word' id='word_1_188' title='bbox 277 2903 468 2988; x_wconf 70' lang='lat' dir='ltr'>retr&#39;m&#39;crum</span> <span class='ocrx_word' id='word_1_189' title='bbox 489 2911 611 2988; x_wconf 70' lang='lat' dir='ltr'><strong><em>patant</em></strong></span> <span class='ocrx_word' id='word_1_190' title='bbox 640 2900 746 2964; x_wconf 78' lang='lat' dir='ltr'>raedis</span> <span class='ocrx_word' id='word_1_191' title='bbox 778 2901 943 2986; x_wconf 71' lang='lat' dir='ltr'><strong><em>infaustae</em></strong></span> <span class='ocrx_word' id='word_1_192' title='bbox 973 2911 1217 2986; x_wconf 79' lang='lat' dir='ltr'>perpetratores</span> <span class='ocrx_word' id='word_1_193' title='bbox 1240 2901 1278 2963; x_wconf 77' lang='lat' dir='ltr'>da</span> <span class='ocrx_word' id='word_1_194' title='bbox 1302 2902 1408 2983; x_wconf 79' lang='lat' dir='ltr'>rapite</span> 
     </span>
     <span class='ocr_line' id='line_1_25' title="bbox 278 3005 1127 3092; baseline -0.002 -24"><span class='ocrx_word' id='word_1_195' title='bbox 278 3007 405 3092; x_wconf 80' lang='lat' dir='ltr'>raptim</span> <span class='ocrx_word' id='word_1_196' title='bbox 429 3007 533 3092; x_wconf 72' lang='lat' dir='ltr'>mayr&#39;r</span> <span class='ocrx_word' id='word_1_197' title='bbox 556 3005 683 3090; x_wconf 72' lang='lat' dir='ltr'>eripere</span> <span class='ocrx_word' id='word_1_198' title='bbox 706 3013 868 3068; x_wconf 70' lang='lat' dir='ltr'>tormenta</span> <span class='ocrx_word' id='word_1_199' title='bbox 890 3024 986 3089; x_wconf 80' lang='lat' dir='ltr'><strong><em>qaam</em></strong></span> <span class='ocrx_word' id='word_1_200' title='bbox 1002 3007 1127 3089; x_wconf 75' lang='lat' dir='ltr'>pretia</span> 
     </span>
    </p>
   </div>
   <div class='ocr_carea' id='block_1_4' title="bbox 277 3101 1410 3818">
    <p class='ocr_par' dir='ltr' id='par_1_5' title="bbox 277 3101 1410 3818">
     <span class='ocr_line' id='line_1_26' title="bbox 379 3101 1410 3195; baseline -0.004 -21"><span class='ocrx_word' id='word_1_201' title='bbox 379 3108 445 3174; x_wconf 67' lang='lat'>80⁸.</span> <span class='ocrx_word' id='word_1_202' title='bbox 478 3109 635 3195; x_wconf 68' lang='lat' dir='ltr'>Aequora</span> <span class='ocrx_word' id='word_1_203' title='bbox 653 3101 780 3172; x_wconf 74' lang='lat' dir='ltr'>Severo</span> <span class='ocrx_word' id='word_1_204' title='bbox 798 3103 994 3172; x_wconf 85' lang='lat' dir='ltr'>Sirmoudus</span> <span class='ocrx_word' id='word_1_205' title='bbox 1006 3107 1156 3193; x_wconf 84' lang='lat' dir='ltr'>Miguius</span> <span class='ocrx_word' id='word_1_206' title='bbox 1167 3106 1309 3172; x_wconf 84' lang='lat' dir='ltr'>Baretus</span> <span class='ocrx_word' id='word_1_207' title='bbox 1327 3107 1410 3171; x_wconf 90' lang='lat' dir='ltr'>scri·</span> 
     </span>
     <span class='ocr_line' id='line_1_27' title="bbox 277 3209 1409 3298; baseline -0.003 -21"><span class='ocrx_word' id='word_1_208' title='bbox 277 3211 369 3294; x_wconf 74' lang='lat' dir='ltr'>buul,</span> <span class='ocrx_word' id='word_1_209' title='bbox 391 3211 441 3276; x_wconf 73' lang='lat' dir='ltr'>sict</span> <span class='ocrx_word' id='word_1_210' title='bbox 462 3219 596 3276; x_wconf 77' lang='lat' dir='ltr'>vertunt</span> <span class='ocrx_word' id='word_1_211' title='bbox 626 3209 739 3298; x_wconf 77' lang='lat' dir='ltr'>gallici</span> <span class='ocrx_word' id='word_1_212' title='bbox 773 3211 983 3297; x_wconf 76' lang='lat' dir='ltr'>interpretes:</span> <span class='ocrx_word' id='word_1_213' title='bbox 1017 3209 1075 3274; x_wconf 90' lang='lat' dir='ltr'>des</span> <span class='ocrx_word' id='word_1_214' title='bbox 1104 3209 1272 3297; x_wconf 87' lang='lat' dir='ltr'>supplices</span> <span class='ocrx_word' id='word_1_215' title='bbox 1301 3213 1409 3296; x_wconf 75' lang='lat' dir='ltr'>egaux</span> 
     </span>
     <span class='ocr_line' id='line_1_28' title="bbox 277 3309 1409 3399; baseline -0.004 -18"><span class='ocrx_word' id='word_1_216' title='bbox 277 3323 311 3382; x_wconf 81' lang='lat' dir='ltr'>et</span> <span class='ocrx_word' id='word_1_217' title='bbox 333 3312 510 3392; x_wconf 79' lang='lat' dir='ltr'>lrorriblcs3</span> <span class='ocrx_word' id='word_1_218' title='bbox 533 3311 567 3378; x_wconf 90' lang='lat' dir='ltr'>id</span> <span class='ocrx_word' id='word_1_219' title='bbox 589 3313 623 3379; x_wconf 91' lang='lat' dir='ltr'>iu</span> <span class='ocrx_word' id='word_1_220' title='bbox 645 3315 847 3399; x_wconf 63' lang='lat' dir='ltr'>Maenalos)</span> <span class='ocrx_word' id='word_1_221' title='bbox 863 3313 1003 3399; x_wconf 81' lang='lat' dir='ltr'>repperi.</span> <span class='ocrx_word' id='word_1_222' title='bbox 1036 3309 1105 3378; x_wconf 85' lang='lat' dir='ltr'>Sed</span> <span class='ocrx_word' id='word_1_223' title='bbox 1119 3337 1159 3379; x_wconf 86' lang='lat' dir='ltr'>ex</span> <span class='ocrx_word' id='word_1_224' title='bbox 1174 3314 1297 3378; x_wconf 85' lang='lat' dir='ltr'>maiore</span> <span class='ocrx_word' id='word_1_225' title='bbox 1312 3313 1409 3378; x_wconf 85' lang='lat' dir='ltr'>turba</span> 
     </span>
     <span class='ocr_line' id='line_1_29' title="bbox 278 3387 1409 3504; baseline -0.006 -15"><span class='ocrx_word' id='word_1_226' title='bbox 278 3421 429 3490; x_wconf 78' lang='lat' dir='ltr'>codicum</span> <span class='ocrx_word' id='word_1_227' title='bbox 453 3415 501 3502; x_wconf 89' lang='grc' dir='ltr'>(Η</span> <span class='ocrx_word' id='word_1_228' title='bbox 513 3415 544 3482; x_wconf 86' lang='lat' dir='ltr'>R</span> <span class='ocrx_word' id='word_1_229' title='bbox 555 3415 581 3480; x_wconf 88' lang='lat' dir='ltr'>Z</span> <span class='ocrx_word' id='word_1_230' title='bbox 595 3417 627 3482; x_wconf 85' lang='lat' dir='ltr'>V</span> <span class='ocrx_word' id='word_1_231' title='bbox 639 3415 672 3482; x_wconf 93' lang='lat' dir='ltr'><strong>U</strong></span> <span class='ocrx_word' id='word_1_232' title='bbox 685 3387 718 3483; x_wconf 76' lang='lat' dir='ltr'>ll</span> <span class='ocrx_word' id='word_1_233' title='bbox 731 3416 759 3481; x_wconf 91' lang='lat' dir='ltr'><strong>P</strong></span> <span class='ocrx_word' id='word_1_234' title='bbox 770 3415 814 3500; x_wconf 81' lang='lat' dir='ltr'>L)</span> <span class='ocrx_word' id='word_1_235' title='bbox 837 3419 968 3504; x_wconf 72' lang='lat' dir='ltr'>aquales</span> <span class='ocrx_word' id='word_1_236' title='bbox 989 3415 1145 3498; x_wconf 78' lang='lat' dir='ltr'>adfertur,</span> <span class='ocrx_word' id='word_1_237' title='bbox 1166 3416 1255 3500; x_wconf 88' lang='lat' dir='ltr'>quod</span> <span class='ocrx_word' id='word_1_238' title='bbox 1272 3414 1409 3482; x_wconf 84' lang='lat' dir='ltr'>eWou-</span> 
     </span>
     <span class='ocr_line' id='line_1_30' title="bbox 278 3513 1409 3606; baseline -0.005 -14"><span class='ocrx_word' id='word_1_239' title='bbox 278 3524 379 3592; x_wconf 80' lang='lat' dir='ltr'>werlo</span> <span class='ocrx_word' id='word_1_240' title='bbox 391 3519 701 3606; x_wconf 81' lang='lat' dir='ltr'>Elmeuhorstioque</span> <span class='ocrx_word' id='word_1_241' title='bbox 711 3529 880 3606; x_wconf 82' lang='lat' dir='ltr'>receptum</span> <span class='ocrx_word' id='word_1_242' title='bbox 892 3513 1121 3585; x_wconf 80' lang='lat' dir='ltr'>Chetelsiuius</span> <span class='ocrx_word' id='word_1_243' title='bbox 1133 3519 1290 3586; x_wconf 86' lang='lat' dir='ltr'>delendit.</span> <span class='ocrx_word' id='word_1_244' title='bbox 1314 3518 1409 3602; x_wconf 80' lang='lat' dir='ltr'>Quae</span> 
     </span>
     <span class='ocr_line' id='line_1_31' title="bbox 278 3622 1410 3712; baseline -0.005 -18"><span class='ocrx_word' id='word_1_245' title='bbox 278 3627 377 3694; x_wconf 84' lang='lat' dir='ltr'>lertio</span> <span class='ocrx_word' id='word_1_246' title='bbox 399 3633 437 3690; x_wconf 90' lang='lat' dir='ltr'>ut</span> <span class='ocrx_word' id='word_1_247' title='bbox 458 3625 564 3712; x_wconf 81' lang='lat' dir='ltr'>prims</span> <span class='ocrx_word' id='word_1_248' title='bbox 587 3623 699 3712; x_wconf 75' lang='lat' dir='ltr'>specie</span> <span class='ocrx_word' id='word_1_249' title='bbox 719 3623 822 3689; x_wconf 86' lang='lat' dir='ltr'>multe</span> <span class='ocrx_word' id='word_1_250' title='bbox 846 3622 962 3688; x_wconf 86' lang='lat' dir='ltr'>melior</span> <span class='ocrx_word' id='word_1_251' title='bbox 981 3622 1142 3704; x_wconf 74' lang='lat' dir='ltr'>videatur,</span> <span class='ocrx_word' id='word_1_252' title='bbox 1158 3624 1343 3688; x_wconf 80' lang='lat' dir='ltr'>accuratius</span> <span class='ocrx_word' id='word_1_253' title='bbox 1359 3625 1410 3688; x_wconf 90' lang='lat' dir='ltr'>iu·</span> 
     </span>
     <span class='ocr_line' id='line_1_32' title="bbox 279 3725 1410 3818; baseline -0.005 -22"><span class='ocrx_word' id='word_1_254' title='bbox 279 3737 394 3818; x_wconf 72' lang='lat' dir='ltr'>specta</span> <span class='ocrx_word' id='word_1_255' title='bbox 420 3749 537 3793; x_wconf 62' lang='lat' dir='ltr'>uerter</span> <span class='ocrx_word' id='word_1_256' title='bbox 563 3749 604 3792; x_wconf 90' lang='lat' dir='ltr'>ue</span> <span class='ocrx_word' id='word_1_257' title='bbox 626 3727 760 3814; x_wconf 70' lang='lat' dir='ltr'>probari</span> <span class='ocrx_word' id='word_1_258' title='bbox 782 3727 915 3792; x_wconf 85' lang='lat' dir='ltr'>omuino</span> <span class='ocrx_word' id='word_1_259' title='bbox 937 3748 1004 3791; x_wconf 88' lang='lat' dir='ltr'>uon</span> <span class='ocrx_word' id='word_1_260' title='bbox 1027 3726 1146 3812; x_wconf 76' lang='lat' dir='ltr'>pessit.</span> <span class='ocrx_word' id='word_1_261' title='bbox 1191 3725 1337 3790; x_wconf 88' lang='lat' dir='ltr'>Primum</span> <span class='ocrx_word' id='word_1_262' title='bbox 1359 3726 1410 3791; x_wconf 93' lang='lat' dir='ltr'>di·</span> 
     </span>
    </p>
   </div>
   <div class='ocr_carea' id='block_1_5' title="bbox 278 3829 1412 4437">
    <p class='ocr_par' dir='ltr' id='par_1_6' title="bbox 278 3829 1412 4437">
     <span class='ocr_line' id='line_1_33' title="bbox 279 3829 1408 3917; baseline -0.005 -17"><span class='ocrx_word' id='word_1_263' title='bbox 279 3832 402 3900; x_wconf 78' lang='lat' dir='ltr'>cendus</span> <span class='ocrx_word' id='word_1_264' title='bbox 424 3831 489 3897; x_wconf 82' lang='lat' dir='ltr'>tuit</span> <span class='ocrx_word' id='word_1_265' title='bbox 509 3830 656 3898; x_wconf 80' lang='lat' dir='ltr'>decimus</span> <span class='ocrx_word' id='word_1_266' title='bbox 677 3833 817 3917; x_wconf 87' lang='lat' dir='ltr'>quisque</span> <span class='ocrx_word' id='word_1_267' title='bbox 832 3829 1006 3916; x_wconf 77' lang='lat' dir='ltr'>equalibus</span> <span class='ocrx_word' id='word_1_268' title='bbox 1022 3843 1088 3894; x_wconf 75' lang='lat' dir='ltr'>ast</span> <span class='ocrx_word' id='word_1_269' title='bbox 1105 3829 1275 3894; x_wconf 83' lang='lat' dir='ltr'>crucier-iis</span> <span class='ocrx_word' id='word_1_270' title='bbox 1291 3831 1408 3915; x_wconf 87' lang='lat' dir='ltr'>poeuis</span> 
     </span>
     <span class='ocr_line' id='line_1_34' title="bbox 278 3932 1409 4022; baseline -0.005 -20"><span class='ocrx_word' id='word_1_271' title='bbox 278 3935 383 4007; x_wconf 72' lang='lat' dir='ltr'>effici:</span> <span class='ocrx_word' id='word_1_272' title='bbox 416 3933 534 4000; x_wconf 82' lang='lat' dir='ltr'>deiude</span> <span class='ocrx_word' id='word_1_273' title='bbox 567 3937 812 4022; x_wconf 72' lang='lat' dir='ltr'>superstitiosus</span> <span class='ocrx_word' id='word_1_274' title='bbox 844 3932 979 4018; x_wconf 76' lang='lat' dir='ltr'>quidem</span> <span class='ocrx_word' id='word_1_275' title='bbox 1013 3937 1098 3997; x_wconf 72' lang='lat' dir='ltr'>riter</span> <span class='ocrx_word' id='word_1_276' title='bbox 1126 3943 1409 4014; x_wconf 80' lang='lat' dir='ltr'>commemoratur,</span> 
     </span>
     <span class='ocr_line' id='line_1_35' title="bbox 278 4037 1409 4124; baseline -0.004 -20"><span class='ocrx_word' id='word_1_277' title='bbox 278 4039 333 4104; x_wconf 78' lang='lat' dir='ltr'>rui</span> <span class='ocrx_word' id='word_1_278' title='bbox 356 4061 419 4104; x_wconf 77' lang='lat' dir='ltr'>uus</span> <span class='ocrx_word' id='word_1_279' title='bbox 438 4049 535 4124; x_wconf 76' lang='lat' dir='ltr'>utque</span> <span class='ocrx_word' id='word_1_280' title='bbox 558 4038 671 4104; x_wconf 80' lang='lat' dir='ltr'>eedem</span> <span class='ocrx_word' id='word_1_281' title='bbox 694 4038 800 4124; x_wconf 67' lang='lat' dir='ltr'>magis</span> <span class='ocrx_word' id='word_1_282' title='bbox 823 4037 979 4104; x_wconf 77' lang='lat' dir='ltr'>convenit</span> <span class='ocrx_word' id='word_1_283' title='bbox 1000 4059 1123 4122; x_wconf 70' lang='lat' dir='ltr'>pceueg</span> <span class='ocrx_word' id='word_1_284' title='bbox 1145 4037 1294 4119; x_wconf 82' lang='lat' dir='ltr'>sequitur</span> <span class='ocrx_word' id='word_1_285' title='bbox 1308 4041 1409 4100; x_wconf 74' lang='lat' dir='ltr'>sortis</span> 
     </span>
     <span class='ocr_line' id='line_1_36' title="bbox 279 4138 1412 4230; baseline -0.005 -22"><span class='ocrx_word' id='word_1_286' title='bbox 279 4145 499 4228; x_wconf 70' lang='lat' dir='ltr'>aequitate.</span> <span class='ocrx_word' id='word_1_287' title='bbox 521 4143 574 4208; x_wconf 83' lang='lat' dir='ltr'>cui</span> <span class='ocrx_word' id='word_1_288' title='bbox 596 4143 777 4230; x_wconf 80' lang='lat' dir='ltr'>opponitur</span> <span class='ocrx_word' id='word_1_289' title='bbox 798 4141 918 4205; x_wconf 76' lang='lat' dir='ltr'>iniuria</span> <span class='ocrx_word' id='word_1_290' title='bbox 933 4139 1050 4205; x_wconf 86' lang='lat' dir='ltr'>mortis</span> <span class='ocrx_word' id='word_1_291' title='bbox 1066 4177 1108 4187; x_wconf 98' lang='lat'>—</span> <span class='ocrx_word' id='word_1_292' title='bbox 1125 4138 1209 4204; x_wconf 80' lang='lat' dir='ltr'>hauc</span> <span class='ocrx_word' id='word_1_293' title='bbox 1225 4141 1311 4204; x_wconf 87' lang='lat' dir='ltr'>euim</span> <span class='ocrx_word' id='word_1_294' title='bbox 1328 4139 1412 4204; x_wconf 91' lang='lat' dir='ltr'>dicit</span> 
     </span>
     <span class='ocr_line' id='line_1_37' title="bbox 278 4239 1409 4333; baseline -0.003 -22"><span class='ocrx_word' id='word_1_295' title='bbox 278 4249 473 4333; x_wconf 65' lang='lat' dir='ltr'>niquitatem</span> <span class='ocrx_word' id='word_1_296' title='bbox 494 4281 548 4328; x_wconf 82' lang='lat'>-·,</span> <span class='ocrx_word' id='word_1_297' title='bbox 579 4246 642 4311; x_wconf 84' lang='lat' dir='ltr'>hcc</span> <span class='ocrx_word' id='word_1_298' title='bbox 674 4265 804 4330; x_wconf 79' lang='lat' dir='ltr'>quoque</span> <span class='ocrx_word' id='word_1_299' title='bbox 832 4243 875 4308; x_wconf 78' lang='lat' dir='ltr'>sd</span> <span class='ocrx_word' id='word_1_300' title='bbox 903 4265 1003 4308; x_wconf 86' lang='lat' dir='ltr'>uuum</span> <span class='ocrx_word' id='word_1_301' title='bbox 1027 4239 1183 4328; x_wconf 84' lang='lat' dir='ltr'>supplicii</span> <span class='ocrx_word' id='word_1_302' title='bbox 1206 4263 1311 4327; x_wconf 42' lang='lat' dir='ltr'>{uenus</span> <span class='ocrx_word' id='word_1_303' title='bbox 1333 4245 1409 4326; x_wconf 87' lang='lat' dir='ltr'>quis</span> 
     </span>
     <span class='ocr_line' id='line_1_38' title="bbox 280 4344 1411 4437; baseline -0.006 -20"><span class='ocrx_word' id='word_1_304' title='bbox 280 4364 379 4436; x_wconf 71' lang='lat' dir='ltr'>uegut</span> <span class='ocrx_word' id='word_1_305' title='bbox 400 4351 573 4437; x_wconf 69' lang='lat' dir='ltr'>spectum?</span> <span class='ocrx_word' id='word_1_306' title='bbox 604 4348 678 4414; x_wconf 76' lang='lat' dir='ltr'>Nec</span> <span class='ocrx_word' id='word_1_307' title='bbox 711 4349 862 4414; x_wconf 63' lang='lat' dir='ltr'>cirrium</span> <span class='ocrx_word' id='word_1_308' title='bbox 894 4347 1059 4430; x_wconf 63' lang='lat' dir='ltr'>raemjria</span> <span class='ocrx_word' id='word_1_309' title='bbox 1086 4347 1196 4410; x_wconf 74' lang='lat' dir='ltr'>caeder</span> <span class='ocrx_word' id='word_1_310' title='bbox 1222 4344 1264 4410; x_wconf 85' lang='lat' dir='ltr'>de</span> <span class='ocrx_word' id='word_1_311' title='bbox 1286 4346 1411 4430; x_wconf 82' lang='lat' dir='ltr'>squali-</span> 
     </span>
    </p>
   </div>
   <div class='ocr_carea' id='block_1_6' title="bbox 0 0 1600 4900">
    <p class='ocr_par' dir='ltr' id='par_1_7' title="bbox 0 0 1600 4900">
     <span class='ocr_line' id='line_1_39' title="bbox 0 0 1600 4900; baseline 0 0"><span class='ocrx_word' id='word_1_312' title='bbox 0 0 1600 4900; x_wconf 95' lang='lat' dir='ltr'> </span> 
     </span>
    </p>
   </div>
  </div>
 </body>
</html>
