3186 4900
1211 255 1251 320 57

274 448 336 515 tu.
382 445 474 532 Quae
498 448 561 513 hoo
589 446 758 532 excipiunt
779 441 1043 510 Elmenhorstius
1067 443 1298 528 nescioquam

173 551 213 615 ob
247 574 316 615 rem
349 552 382 614 in
416 551 560 616 deterius
583 555 708 616 mutata
738 548 786 614 sio
809 545 929 612 edidit:
950 546 1040 632 fuya,
1063 568 1129 610 ooo
1161 548 1297 632 tyconio

163 655 300 741 fecerat.
390 675 392 680 ·

272 758 335 824 191.
379 757 472 822 Idem
495 755 597 838 solus,
625 755 711 841 quod
736 755 848 837 sciam,
871 777 932 819 neo
959 754 1075 824 melius
1099 753 1197 840 pardo
1221 761 1298 839 post

170 862 350 948 interfectio
373 884 434 948 pro
457 861 652 926 desideratio
676 857 826 944 scripsit3
842 857 889 922 ⁴id
912 880 989 922 vero
1013 879 1053 920 ex
1080 863 1233 942 quattuor
1260 856 1298 920 li·

170 965 236 1030 bris
272 963 408 1030 adnotat
437 962 659 1029 Wouwerius.
704 961 883 1046 Aliquanto
907 968 986 1047 post
1018 960 1051 1024 in
1085 960 1196 1025 eadem
1231 961 1298 1046 epi·

171 1068 254 1132 stuta
282 1069 476 1132 desideratis
504 1065 677 1152 repetitur:
702 1087 716 1128 e
739 1085 870 1129 numero
895 1077 1023 1128 tuorum
1046 1065 1101 1130 vic
1125 1064 1211 1130 binis
1235 1075 1298 1129 ter-

169 1173 257 1236 oe'ooe
275 1183 352 1256 post
369 1172 534 1256 proelium
557 1169 815 1234 desideratis.

272 1293 336 1358 ut.
381 1291 486 1372 Quom
517 1292 758 1378 potentissima,
781 1288 870 1373 quod
904 1289 938 1352 in
971 1288 1123 1353 omuibus
1142 1288 1298 1353 editioni-

169 1397 227 1461 bus
252 1395 332 1477 vidi,
355 1395 470 1460 dubito
494 1420 535 1459 an
558 1418 624 1460 non
648 1393 821 1480 scripserit
844 1389 1013 1474 Sidonius,
1027 1390 1084 1457 sed
1108 1393 1298 1480 potiusque

163 1502 395 1587 potentissimo
418 1500 540 1565 omisso
565 1511 621 1580 est,
644 1497 732 1584 quod
755 1498 789 1561 in
812 1497 844 1562 V
868 1495 1098 1577 codice‚cuius
1123 1496 1203 1561 haec
1226 1497 1298 1582 ipsu

168 1612 218 1668 cst
240 1604 352 1686 lectio,
375 1602 563 1690 explicandi
597 1623 696 1667 causa
730 1600 876 1666 additum
905 1606 965 1664 est.
1010 1599 1050 1664 In
1079 1599 1110 1664 A
1141 1599 1298 1686 scriptum

167 1750 218 1806 est
239 1726 272 1848 g,
296 1741 330 1807 in
352 1763 415 1826 quo
439 1764 502 1829 ego
525 1739 680 1805 adnotavi
698 1738 850 1803 lineolam
869 1736 1014 1802 additam
1032 1735 1147 1818 videri,
1165 1736 1298 1802 Manius

167 1886 232 1926 non
256 1863 342 1926 item.
378 1862 419 1926 In
434 1862 469 1925 H
485 1869 558 1948 qud,
571 1883 666 1948 quom
689 1860 787 1924 etiam
810 1859 842 1923 in
865 1858 928 1923 RZ
940 1855 1050 1922 UXY
1064 1858 1223 1943 scriptum
1239 1865 1298 1922 est.

167 1965 272 2030 Paulo
306 1973 380 2030 ante
412 1964 533 2029 dicitur
565 1962 723 2028 Ecdicius
758 1962 871 2027 hostes
905 1985 969 2025 noa
997 1965 1102 2026 minas
1126 1962 1179 2026 die
1204 1983 1300 2046 quom

168 2091 301 2154 compo
337 2069 463 2133 madio
497 2066 669 2134 transisse.
715 2064 817 2147 Idem,
851 2065 885 2129 ni
919 2065 1027 2147 fallor,
1055 2089 1094 2130 ex
1117 2066 1149 2131 V
1173 2065 1299 2130 codicis

165 2171 309 2238 lectione
342 2171 498 2250 et'tioitur3
532 2193 614 2254 (tuae
647 2170 778 2255 quidem
807 2194 826 2232 a
848 2168 991 2234 librariis
1014 2169 1112 2233 facile
1135 2169 1300 2254 corrumpi

166 2275 299 2362 potuit*
329 2275 375 2340 Et
408 2282 598 2361 corruptum
632 2295 704 2338 esse
729 2273 763 2336 in
790 2273 985 2358 quibusdam
1019 2272 1190 2338 codicibus
1214 2272 1300 2337 hunc
1326 2321 1330 2328 .

167 2377 277 2443 locum
301 2400 401 2442 exeo
426 2376 638 2464 intellegitur,
660 2377 748 2461 quod
759 2375 972 2442 Wouwerius
996 2378 1029 2441 in
1052 2375 1180 2442 duobus
1205 2377 1298 2442 libris

169 2483 327 2546 tutissime
351 2503 424 2546 esse
446 2479 591 2544 adnotat.
626 2480 701 2544 Hoc
722 2480 832 2566 ipsum
855 2481 895 2545 ab
919 2479 1165 2545 Elmenhorstio
1188 2503 1299 2568 recep-

168 2592 236 2649 tum
264 2591 323 2648 est.

274 2687 337 2752 193.
386 2689 585 2752 Processert‘t
610 2687 736 2752 obviam
757 2687 788 2752 A
813 2687 920 2770 habet,
937 2711 1031 2771 quern
1055 2688 1226 2753 verborum
1250 2712 1300 2752 or-

168 2790 278 2856 dinem
311 2790 452 2876 quodam
485 2790 581 2854 modo
615 2791 799 2876 quaesitum
828 2788 967 2856 Sidonio
994 2791 1101 2877 magis
1135 2791 1300 2878 placuisse

169 2895 364 2983 putaverim.

274 2998 337 3065 191.
388 2997 698 3063 Victoriost'ssiruorn
720 2998 832 3083 nescio
856 2998 940 3064 undo
964 3007 1127 3084 sumptum
1145 2996 1301 3064 Wouwe-

168 3101 239 3164 rius
263 3109 296 3165 et
317 3101 583 3168 Elmenhorstius
607 3101 743 3167 lectioni
766 3101 917 3167 codicum
938 3103 971 3167 A
982 3103 1016 3168 H
1029 3102 1059 3168 R
1071 3103 1097 3168 Z
1110 3104 1142 3169 V
1154 3103 1190 3168 X
1201 3103 1233 3168 Y
1249 3105 1301 3190 fe-

169 3207 362 3270 licissimum
390 3206 460 3270 sine
484 3228 583 3270 causa
605 3205 839 3290 praetulerunt.

276 3324 338 3389 195.
384 3327 551 3413 86696166
576 3348 613 3391 ao
636 3329 757 3412 spumis
788 3333 875 3391 certe
904 3326 1025 3392 habent
1057 3327 1236 3408 AHVF3
1261 3341 1300 3410 et,

169 3451 238 3492 uon
272 3451 309 3491 oo
341 3427 481 3493 Baretus
517 3429 668 3515 scripsit3
702 3432 891 3516 sarryuinam
926 3451 1086 3495 cruores
1120 3437 1301 3517 spumisque

170 3531 381 3616 glossemate,
414 3541 450 3598 ut
477 3531 616 3617 videtur,
641 3533 811 3599 interiecto
840 3533 953 3598 librari
987 3533 1085 3619 culpa
1113 3543 1301 3620 corruptum

170 3632 382 3700 Wouwerius
405 3635 517 3700 edidit.

277 3755 340 3819 tto.
375 3755 495 3839 Frena,
507 3757 595 3843 quod
618 3758 651 3822 in
674 3760 825 3824 omnibus
843 3757 1014 3822 codicibus
1031 3777 1104 3822 esse
1121 3753 1302 3823 (116110116-

173 3859 326 3923 telainius
350 3867 383 3924 et
405 3884 466 3947 ego
490 3885 528 3926 ex
562 3862 595 3926 A
607 3862 640 3927 H
653 3862 683 3927 R
696 3863 722 3928 Z
735 3862 765 3927 V
779 3863 807 3926 F
819 3861 855 3926 X
865 3861 897 3925 Y
921 3858 1023 3925 habeo
1048 3860 1249 3943 adnotatum,
1273 3863 1301 3926 is

173 3965 224 4028 vir
246 3963 363 4028 doctus
399 3965 635 4030 restituendum
663 3988 735 4031 esse
758 3965 891 4030 monuit.
938 3965 1068 4050 Lapoto
1091 3962 1302 4030 Wouwerius

175 4065 370 4133 Sirmoudus
388 4068 690 4155 MigniusBaretus
708 4077 909 4155 receperunt.
954 4069 1030 4134 Hoc
1053 4067 1082 4131 si
1104 4090 1168 4152 quo
1192 4069 1225 4133 in
1248 4095 1302 4135 co-

173 4172 247 4238 dice
269 4180 433 4258 repertum
468 4179 528 4255 est,
551 4174 679 4256 iterum,
703 4174 736 4238 ni
770 4173 877 4256 fallor,
899 4172 1064 4254 librarius,
1092 4179 1129 4235 ut
1150 4173 1184 4236 in
1212 4196 1303 4246 eruo„

175 4298 227 4344 res
249 4276 317 4362 illo,
340 4275 380 4342 de
403 4299 467 4368 quo
490 4278 588 4352 modo
611 4277 690 4362 dixi,
713 4277 818 4348 rarius
841 4276 976 4350 verbum
999 4276 1189 4350 ostentavit,
