<?xml version="1.0" encoding="UTF-8"?>
<!DOCTYPE html PUBLIC "-//W3C//DTD XHTML 1.0 Transitional//EN"
    "http://www.w3.org/TR/xhtml1/DTD/xhtml1-transitional.dtd">
<html xmlns="http://www.w3.org/1999/xhtml" xml:lang="en" lang="en">
 <head>
  <title>
</title>
<meta http-equiv="Content-Type" content="text/html;charset=utf-8" />
  <meta name='ocr-system' content='tesseract 3.04.00' />
  <meta name='ocr-capabilities' content='ocr_page ocr_carea ocr_par ocr_line ocrx_word'/>
</head>
<body>
  <div class='ocr_page' id='page_1' title='image "./deapollinarisid00gustgoog_0125.png"; bbox 0 0 3186 4900; ppageno 0'>
   <div class='ocr_carea' id='block_1_1' title="bbox 340 285 380 347">
    <p class='ocr_par' dir='ltr' id='par_1_1' title="bbox 340 285 380 347">
     <span class='ocr_line' id='line_1_1' title="bbox 340 285 380 347; baseline 0.025 -1"><span class='ocrx_word' id='word_1_1' title='bbox 340 285 380 347; x_wconf 88' lang='grc'>96</span> 
     </span>
    </p>
   </div>
   <div class='ocr_carea' id='block_1_2' title="bbox 294 468 1429 1504">
    <p class='ocr_par' dir='ltr' id='par_1_2' title="bbox 294 468 1429 1281">
     <span class='ocr_line' id='line_1_2' title="bbox 397 468 1425 558; baseline 0 -22"><span class='ocrx_word' id='word_1_2' title='bbox 397 471 462 537; x_wconf 74' lang='lat' dir='ltr'>stt.</span> <span class='ocrx_word' id='word_1_3' title='bbox 508 468 617 535; x_wconf 82' lang='lat' dir='ltr'>Cineti</span> <span class='ocrx_word' id='word_1_4' title='bbox 639 493 679 534; x_wconf 85' lang='lat' dir='ltr'>ex</span> <span class='ocrx_word' id='word_1_5' title='bbox 702 471 734 533; x_wconf 84' lang='lat' dir='ltr'>A</span> <span class='ocrx_word' id='word_1_6' title='bbox 747 469 820 534; x_wconf 87' lang='grc' dir='ltr'>ΗΖ</span> <span class='ocrx_word' id='word_1_7' title='bbox 844 469 981 555; x_wconf 83' lang='lat' dir='ltr'>scripsi3</span> <span class='ocrx_word' id='word_1_8' title='bbox 1010 469 1097 555; x_wconf 86' lang='lat' dir='ltr'>fugit</span> <span class='ocrx_word' id='word_1_9' title='bbox 1119 469 1182 534; x_wconf 91' lang='lat' dir='ltr'>hoc</span> <span class='ocrx_word' id='word_1_10' title='bbox 1207 493 1319 536; x_wconf 86' lang='lat' dir='ltr'>ornnes</span> <span class='ocrx_word' id='word_1_11' title='bbox 1342 494 1425 558; x_wconf 92' lang='lat' dir='ltr'>quos</span> 
     </span>
     <span class='ocr_line' id='line_1_3' title="bbox 296 572 1427 660; baseline 0.003 -22"><span class='ocrx_word' id='word_1_12' title='bbox 296 575 436 660; x_wconf 82' lang='lat' dir='ltr'>cognovi</span> <span class='ocrx_word' id='word_1_13' title='bbox 459 575 614 655; x_wconf 81' lang='lat' dir='ltr'><strong>editores,</strong></span> <span class='ocrx_word' id='word_1_14' title='bbox 626 575 681 660; x_wconf 92' lang='lat' dir='ltr'>qui</span> <span class='ocrx_word' id='word_1_15' title='bbox 705 573 794 637; x_wconf 86' lang='lat' dir='ltr'>nulla</span> <span class='ocrx_word' id='word_1_16' title='bbox 811 581 1062 637; x_wconf 86' lang='lat' dir='ltr'>commemorata</span> <span class='ocrx_word' id='word_1_17' title='bbox 1076 572 1254 638; x_wconf 86' lang='lat' dir='ltr'>lectionum</span> <span class='ocrx_word' id='word_1_18' title='bbox 1271 576 1427 641; x_wconf 86' lang='lat' dir='ltr'>varietate</span> 
     </span>
     <span class='ocr_line' id='line_1_4' title="bbox 296 675 1426 756; baseline 0 -14"><span class='ocrx_word' id='word_1_19' title='bbox 296 682 402 742; x_wconf 78' lang='lat' dir='ltr'>eoacti</span> <span class='ocrx_word' id='word_1_20' title='bbox 436 678 572 756; x_wconf 83' lang='lat' dir='ltr'>habent3</span> <span class='ocrx_word' id='word_1_21' title='bbox 606 677 739 742; x_wconf 88' lang='lat' dir='ltr'>Manius</span> <span class='ocrx_word' id='word_1_22' title='bbox 764 700 802 740; x_wconf 88' lang='lat' dir='ltr'>ex</span> <span class='ocrx_word' id='word_1_23' title='bbox 826 675 856 741; x_wconf 89' lang='lat' dir='ltr'><strong>R</strong></span> <span class='ocrx_word' id='word_1_24' title='bbox 880 679 1002 741; x_wconf 77' lang='lat' dir='ltr'>canetis</span> <span class='ocrx_word' id='word_1_25' title='bbox 1030 675 1211 740; x_wconf 83' lang='lat' dir='ltr'>adnotavit.</span> <span class='ocrx_word' id='word_1_26' title='bbox 1255 677 1349 742; x_wconf 83' lang='lat' dir='ltr'>Haec</span> <span class='ocrx_word' id='word_1_27' title='bbox 1371 679 1426 742; x_wconf 88' lang='lat' dir='ltr'>vix</span> 
     </span>
     <span class='ocr_line' id='line_1_5' title="bbox 296 777 1428 866; baseline 0.004 -26"><span class='ocrx_word' id='word_1_28' title='bbox 296 777 429 842; x_wconf 84' lang='lat' dir='ltr'>ferenda</span> <span class='ocrx_word' id='word_1_29' title='bbox 458 788 543 862; x_wconf 81' lang='lat' dir='ltr'>sunt,</span> <span class='ocrx_word' id='word_1_30' title='bbox 578 780 661 844; x_wconf 89' lang='lat' dir='ltr'>illud</span> <span class='ocrx_word' id='word_1_31' title='bbox 697 788 785 844; x_wconf 83' lang='lat' dir='ltr'>certo</span> <span class='ocrx_word' id='word_1_32' title='bbox 808 780 977 866; x_wconf 85' lang='lat' dir='ltr'>optimum.</span> <span class='ocrx_word' id='word_1_33' title='bbox 1025 781 1155 844; x_wconf 79' lang='lat' dir='ltr'>Cinctos</span> <span class='ocrx_word' id='word_1_34' title='bbox 1179 780 1241 844; x_wconf 84' lang='lat' dir='ltr'>lroc</span> <span class='ocrx_word' id='word_1_35' title='bbox 1265 779 1338 845; x_wconf 94' lang='lat' dir='ltr'>loco</span> <span class='ocrx_word' id='word_1_36' title='bbox 1362 803 1428 846; x_wconf 89' lang='lat' dir='ltr'>ma-</span> 
     </span>
     <span class='ocr_line' id='line_1_6' title="bbox 294 879 1429 970; baseline 0.004 -27"><span class='ocrx_word' id='word_1_37' title='bbox 294 881 452 965; x_wconf 85' lang='lat' dir='ltr'>gistratus</span> <span class='ocrx_word' id='word_1_38' title='bbox 476 882 559 948; x_wconf 86' lang='lat' dir='ltr'>dicit</span> <span class='ocrx_word' id='word_1_39' title='bbox 582 879 752 965; x_wconf 86' lang='lat' dir='ltr'>Sidonios,</span> <span class='ocrx_word' id='word_1_40' title='bbox 781 882 860 948; x_wconf 86' lang='lat' dir='ltr'>alibi</span> <span class='ocrx_word' id='word_1_41' title='bbox 891 885 1011 948; x_wconf 80' lang='lat' dir='ltr'>eiectos</span> <span class='ocrx_word' id='word_1_42' title='bbox 1035 891 1069 946; x_wconf 90' lang='lat' dir='ltr'>et</span> <span class='ocrx_word' id='word_1_43' title='bbox 1090 885 1264 948; x_wconf 77' lang='lat' dir='ltr'>discinctos</span> <span class='ocrx_word' id='word_1_44' title='bbox 1287 885 1429 970; x_wconf 93' lang='lat' dir='ltr'>opponit</span> 
     </span>
     <span class='ocr_line' id='line_1_7' title="bbox 296 984 1428 1073; baseline 0.007 -27"><span class='ocrx_word' id='word_1_45' title='bbox 296 992 331 1046; x_wconf 91' lang='lat' dir='ltr'>ut</span> <span class='ocrx_word' id='word_1_46' title='bbox 352 1007 403 1069; x_wconf 89' lang='lat' dir='ltr'>ep.</span> <span class='ocrx_word' id='word_1_47' title='bbox 428 984 446 1049; x_wconf 92' lang='lat' dir='ltr'>I</span> <span class='ocrx_word' id='word_1_48' title='bbox 469 987 488 1048; x_wconf 87' lang='lat'><strong>9</strong></span> <span class='ocrx_word' id='word_1_49' title='bbox 513 988 604 1071; x_wconf 81' lang='lat'>(197)</span> <span class='ocrx_word' id='word_1_50' title='bbox 628 989 711 1073; x_wconf 84' lang='lat' dir='ltr'>qaod</span> <span class='ocrx_word' id='word_1_51' title='bbox 741 990 852 1072; x_wconf 83' lang='lat' dir='ltr'>qualia</span> <span class='ocrx_word' id='word_1_52' title='bbox 881 989 1078 1072; x_wconf 62' lang='lat' dir='ltr'>impetrabat</span> <span class='ocrx_word' id='word_1_53' title='bbox 1112 990 1262 1052; x_wconf 82' lang='lat' dir='ltr'>cinctae</span> <span class='ocrx_word' id='word_1_54' title='bbox 1287 991 1428 1054; x_wconf 80' lang='lat' dir='ltr'>Auienus</span> 
     </span>
     <span class='ocr_line' id='line_1_8' title="bbox 295 1089 1427 1178; baseline 0.003 -26"><span class='ocrx_word' id='word_1_55' title='bbox 295 1092 371 1167; x_wconf 83' lang='lat' dir='ltr'>saie,</span> <span class='ocrx_word' id='word_1_56' title='bbox 396 1089 478 1152; x_wconf 84' lang='lat' dir='ltr'>tatio</span> <span class='ocrx_word' id='word_1_57' title='bbox 512 1090 695 1178; x_wconf 77' lang='lat' dir='ltr'>conferebat</span> <span class='ocrx_word' id='word_1_58' title='bbox 720 1090 867 1155; x_wconf 84' lang='lat' dir='ltr'>Basilius</span> <span class='ocrx_word' id='word_1_59' title='bbox 901 1092 1124 1156; x_wconf 79' lang='lat' dir='ltr'>discinctus</span> <span class='ocrx_word' id='word_1_60' title='bbox 1159 1093 1276 1155; x_wconf 82' lang='lat' dir='ltr'>olienis</span> <span class='ocrx_word' id='word_1_61' title='bbox 1310 1099 1343 1154; x_wconf 89' lang='lat' dir='ltr'>et</span> <span class='ocrx_word' id='word_1_62' title='bbox 1376 1115 1427 1177; x_wconf 88' lang='lat' dir='ltr'>ep.</span> 
     </span>
     <span class='ocr_line' id='line_1_9' title="bbox 295 1191 1223 1281; baseline 0.002 -27"><span class='ocrx_word' id='word_1_63' title='bbox 295 1191 328 1255; x_wconf 91' lang='lat' dir='ltr'><strong>V</strong></span> <span class='ocrx_word' id='word_1_64' title='bbox 350 1193 368 1254; x_wconf 82' lang='lat'><strong>7</strong></span> <span class='ocrx_word' id='word_1_65' title='bbox 392 1193 487 1278; x_wconf 81' lang='lat'>(326)</span> <span class='ocrx_word' id='word_1_66' title='bbox 511 1196 659 1259; x_wconf 82' lang='lat' dir='ltr'>cinctis</span> <span class='ocrx_word' id='word_1_67' title='bbox 686 1197 774 1274; x_wconf 83' lang='lat' dir='ltr'>iare,</span> <span class='ocrx_word' id='word_1_68' title='bbox 797 1194 1011 1258; x_wconf 80' lang='lat' dir='ltr'>discinctis</span> <span class='ocrx_word' id='word_1_69' title='bbox 1032 1196 1223 1281; x_wconf 81' lang='lat' dir='ltr'>prioitepia.</span> 
     </span>
    </p>

    <p class='ocr_par' dir='ltr' id='par_1_3' title="bbox 294 1309 1429 1504">
     <span class='ocr_line' id='line_1_10' title="bbox 397 1309 1429 1401; baseline 0 -23"><span class='ocrx_word' id='word_1_70' title='bbox 397 1313 462 1378; x_wconf 78' lang='grc'><strong>333.</strong></span> <span class='ocrx_word' id='word_1_71' title='bbox 481 1345 486 1352; x_wconf 94' lang='grc'><strong><em>·</em></strong></span> <span class='ocrx_word' id='word_1_72' title='bbox 506 1313 573 1378; x_wconf 89' lang='lat' dir='ltr'>Pro</span> <span class='ocrx_word' id='word_1_73' title='bbox 598 1317 761 1380; x_wconf 82' lang='lat' dir='ltr'>cumulari</span> <span class='ocrx_word' id='word_1_74' title='bbox 783 1314 923 1378; x_wconf 88' lang='lat' dir='ltr'>Baretus</span> <span class='ocrx_word' id='word_1_75' title='bbox 947 1309 1038 1379; x_wconf 89' lang='lat' dir='ltr'>solus</span> <span class='ocrx_word' id='word_1_76' title='bbox 1055 1319 1249 1401; x_wconf 80' lang='lat' dir='ltr'>promoueri</span> <span class='ocrx_word' id='word_1_77' title='bbox 1274 1337 1312 1378; x_wconf 87' lang='lat' dir='ltr'>ex</span> <span class='ocrx_word' id='word_1_78' title='bbox 1340 1322 1429 1378; x_wconf 85' lang='lat' dir='ltr'>ante-</span> 
     </span>
     <span class='ocr_line' id='line_1_11' title="bbox 294 1415 631 1504; baseline 0.006 -24"><span class='ocrx_word' id='word_1_79' title='bbox 294 1415 485 1482; x_wconf 90' lang='lat' dir='ltr'>cedentibus</span> <span class='ocrx_word' id='word_1_80' title='bbox 509 1419 631 1504; x_wconf 86' lang='lat' dir='ltr'>posuit.</span> 
     </span>
    </p>
   </div>
   <div class='ocr_carea' id='block_1_3' title="bbox 294 1535 1430 1912">
    <p class='ocr_par' dir='ltr' id='par_1_4' title="bbox 294 1535 1430 1912">
     <span class='ocr_line' id='line_1_12' title="bbox 397 1535 1428 1624; baseline -0.003 -21"><span class='ocrx_word' id='word_1_81' title='bbox 397 1537 463 1603; x_wconf 79' lang='grc'><strong>333.</strong></span> <span class='ocrx_word' id='word_1_82' title='bbox 508 1539 669 1621; x_wconf 79' lang='lat' dir='ltr'>Emensis,</span> <span class='ocrx_word' id='word_1_83' title='bbox 692 1538 780 1624; x_wconf 94' lang='lat' dir='ltr'>quod</span> <span class='ocrx_word' id='word_1_84' title='bbox 804 1539 838 1602; x_wconf 91' lang='lat' dir='ltr'>in</span> <span class='ocrx_word' id='word_1_85' title='bbox 860 1537 1004 1603; x_wconf 83' lang='lat' dir='ltr'><strong>AHRZ</strong></span> <span class='ocrx_word' id='word_1_86' title='bbox 1021 1540 1143 1624; x_wconf 62' lang='lat' dir='ltr'>(ederis)</span> <span class='ocrx_word' id='word_1_87' title='bbox 1167 1545 1218 1601; x_wconf 89' lang='lat' dir='ltr'>est</span> <span class='ocrx_word' id='word_1_88' title='bbox 1234 1545 1321 1600; x_wconf 83' lang='lat' dir='ltr'>etex</span> <span class='ocrx_word' id='word_1_89' title='bbox 1339 1535 1428 1601; x_wconf 87' lang='lat' dir='ltr'>Viot.</span> 
     </span>
     <span class='ocr_line' id='line_1_13' title="bbox 294 1638 1427 1723; baseline 0 -19"><span class='ocrx_word' id='word_1_90' title='bbox 294 1643 313 1704; x_wconf 87' lang='lat'>3</span> <span class='ocrx_word' id='word_1_91' title='bbox 337 1664 356 1704; x_wconf 88' lang='lat' dir='ltr'>a</span> <span class='ocrx_word' id='word_1_92' title='bbox 378 1638 571 1706; x_wconf 90' lang='lat' dir='ltr'>Wouwerio</span> <span class='ocrx_word' id='word_1_93' title='bbox 595 1642 752 1723; x_wconf 86' lang='lat' dir='ltr'>adsertor,</span> <span class='ocrx_word' id='word_1_94' title='bbox 775 1641 851 1705; x_wconf 85' lang='lat' dir='ltr'>lruic</span> <span class='ocrx_word' id='word_1_95' title='bbox 874 1640 1427 1723; x_wconf 85' lang='lat' dir='ltr'>etElmenhorsti0,nescioqua1n</span> 
     </span>
     <span class='ocr_line' id='line_1_14' title="bbox 295 1743 1430 1832; baseline -0.001 -26"><span class='ocrx_word' id='word_1_96' title='bbox 295 1743 336 1806; x_wconf 93' lang='lat' dir='ltr'>ob</span> <span class='ocrx_word' id='word_1_97' title='bbox 360 1766 438 1826; x_wconf 80' lang='lat' dir='ltr'>reni,</span> <span class='ocrx_word' id='word_1_98' title='bbox 462 1743 648 1830; x_wconf 81' lang='lat' dir='ltr'>displicuit:</span> <span class='ocrx_word' id='word_1_99' title='bbox 673 1745 878 1832; x_wconf 88' lang='lat' dir='ltr'>scripserunt</span> <span class='ocrx_word' id='word_1_100' title='bbox 905 1745 989 1809; x_wconf 84' lang='lat' dir='ltr'>enirn</span> <span class='ocrx_word' id='word_1_101' title='bbox 1014 1749 1156 1827; x_wconf 84' lang='lat' dir='ltr'>emersis,</span> <span class='ocrx_word' id='word_1_102' title='bbox 1180 1743 1343 1808; x_wconf 85' lang='lat' dir='ltr'>debebant</span> <span class='ocrx_word' id='word_1_103' title='bbox 1365 1743 1430 1806; x_wconf 87' lang='lat' dir='ltr'>sal-</span> 
     </span>
     <span class='ocr_line' id='line_1_15' title="bbox 294 1847 685 1912; baseline 0.003 -3"><span class='ocrx_word' id='word_1_104' title='bbox 294 1854 359 1909; x_wconf 88' lang='lat' dir='ltr'>tem</span> <span class='ocrx_word' id='word_1_105' title='bbox 384 1869 505 1912; x_wconf 83' lang='lat' dir='ltr'>emerso</span> <span class='ocrx_word' id='word_1_106' title='bbox 530 1847 685 1912; x_wconf 87' lang='lat' dir='ltr'>scribere.</span> 
     </span>
    </p>
   </div>
   <div class='ocr_carea' id='block_1_4' title="bbox 396 1965 1429 2053">
    <p class='ocr_par' dir='ltr' id='par_1_5' title="bbox 396 1965 1429 2053">
     <span class='ocr_line' id='line_1_16' title="bbox 396 1965 1429 2053; baseline -0.004 -20"><span class='ocrx_word' id='word_1_107' title='bbox 396 1968 461 2033; x_wconf 90' lang='grc'><strong>333.</strong></span> <span class='ocrx_word' id='word_1_108' title='bbox 517 1966 583 2031; x_wconf 87' lang='lat' dir='ltr'>Hic</span> <span class='ocrx_word' id='word_1_109' title='bbox 616 1967 762 2046; x_wconf 81' lang='lat' dir='ltr'>blandas,</span> <span class='ocrx_word' id='word_1_110' title='bbox 796 1968 885 2053; x_wconf 92' lang='lat' dir='ltr'>quod</span> <span class='ocrx_word' id='word_1_111' title='bbox 923 1974 974 2032; x_wconf 88' lang='lat' dir='ltr'>est</span> <span class='ocrx_word' id='word_1_112' title='bbox 1012 1967 1045 2030; x_wconf 92' lang='lat' dir='ltr'>in</span> <span class='ocrx_word' id='word_1_113' title='bbox 1084 1965 1254 2048; x_wconf 84' lang='lat' dir='ltr'><strong>AHRZ,</strong></span> <span class='ocrx_word' id='word_1_114' title='bbox 1292 1988 1429 2052; x_wconf 88' lang='lat' dir='ltr'>prorsus</span> 
     </span>
    </p>
   </div>
   <div class='ocr_carea' id='block_1_5' title="bbox 294 2069 1431 2653">
    <p class='ocr_par' dir='ltr' id='par_1_6' title="bbox 294 2069 1431 2653">
     <span class='ocr_line' id='line_1_17' title="bbox 296 2069 1430 2156; baseline -0.001 -22"><span class='ocrx_word' id='word_1_115' title='bbox 296 2070 517 2135; x_wconf 86' lang='lat' dir='ltr'>necessarium</span> <span class='ocrx_word' id='word_1_116' title='bbox 550 2079 599 2136; x_wconf 88' lang='lat' dir='ltr'>ost</span> <span class='ocrx_word' id='word_1_117' title='bbox 634 2071 683 2135; x_wconf 86' lang='lat' dir='ltr'>rel</span> <span class='ocrx_word' id='word_1_118' title='bbox 718 2080 855 2156; x_wconf 86' lang='lat' dir='ltr'>propter</span> <span class='ocrx_word' id='word_1_119' title='bbox 888 2093 926 2135; x_wconf 90' lang='lat' dir='ltr'>ea</span> <span class='ocrx_word' id='word_1_120' title='bbox 953 2093 1034 2154; x_wconf 86' lang='lat' dir='ltr'>quae</span> <span class='ocrx_word' id='word_1_121' title='bbox 1056 2069 1204 2156; x_wconf 84' lang='lat' dir='ltr'>proxime</span> <span class='ocrx_word' id='word_1_122' title='bbox 1242 2078 1430 2154; x_wconf 83' lang='lat' dir='ltr'>sequuntur3</span> 
     </span>
     <span class='ocr_line' id='line_1_18' title="bbox 295 2172 1431 2254; baseline -0.002 -15"><span class='ocrx_word' id='word_1_123' title='bbox 295 2173 479 2239; x_wconf 77' lang='lat' dir='ltr'>Hirtuldas</span> <span class='ocrx_word' id='word_1_124' title='bbox 502 2197 521 2237; x_wconf 82' lang='lat' dir='ltr'>a</span> <span class='ocrx_word' id='word_1_125' title='bbox 542 2172 735 2239; x_wconf 88' lang='lat' dir='ltr'>Wouworio</span> <span class='ocrx_word' id='word_1_126' title='bbox 761 2198 798 2238; x_wconf 85' lang='lat' dir='ltr'>ex</span> <span class='ocrx_word' id='word_1_127' title='bbox 818 2173 945 2239; x_wconf 90' lang='lat' dir='ltr'>duobus</span> <span class='ocrx_word' id='word_1_128' title='bbox 967 2174 1060 2238; x_wconf 89' lang='lat' dir='ltr'>libris</span> <span class='ocrx_word' id='word_1_129' title='bbox 1084 2174 1284 2254; x_wconf 84' lang='lat' dir='ltr'>adnotatum,</span> <span class='ocrx_word' id='word_1_130' title='bbox 1299 2173 1431 2238; x_wconf 80' lang='lat' dir='ltr'>Elmen-</span> 
     </span>
     <span class='ocr_line' id='line_1_19' title="bbox 294 2273 1428 2363; baseline -0.003 -22"><span class='ocrx_word' id='word_1_131' title='bbox 294 2278 439 2342; x_wconf 89' lang='lat' dir='ltr'>horstius</span> <span class='ocrx_word' id='word_1_132' title='bbox 473 2277 608 2362; x_wconf 87' lang='lat' dir='ltr'>recepit,</span> <span class='ocrx_word' id='word_1_133' title='bbox 642 2273 769 2341; x_wconf 86' lang='lat' dir='ltr'>Savaro</span> <span class='ocrx_word' id='word_1_134' title='bbox 804 2278 837 2340; x_wconf 92' lang='lat' dir='ltr'>in</span> <span class='ocrx_word' id='word_1_135' title='bbox 873 2276 1085 2341; x_wconf 81' lang='lat' dir='ltr'>adnotatione</span> <span class='ocrx_word' id='word_1_136' title='bbox 1114 2300 1191 2363; x_wconf 83' lang='lat' dir='ltr'>pag.</span> <span class='ocrx_word' id='word_1_137' title='bbox 1214 2277 1275 2341; x_wconf 78' lang='lat'>421</span> <span class='ocrx_word' id='word_1_138' title='bbox 1303 2280 1428 2361; x_wconf 80' lang='lat' dir='ltr'>(noster</span> 
     </span>
     <span class='ocr_line' id='line_1_20' title="bbox 295 2376 1427 2468; baseline 0 -24"><span class='ocrx_word' id='word_1_139' title='bbox 295 2380 501 2468; x_wconf 79' lang='lat' dir='ltr'>Hippolitus)</span> <span class='ocrx_word' id='word_1_140' title='bbox 526 2380 670 2466; x_wconf 91' lang='lat' dir='ltr'>scripsit.</span> <span class='ocrx_word' id='word_1_141' title='bbox 716 2377 823 2462; x_wconf 80' lang='lat' dir='ltr'>Quem</span> <span class='ocrx_word' id='word_1_142' title='bbox 845 2380 1036 2445; x_wconf 78' lang='lat' dir='ltr'>Amantium</span> <span class='ocrx_word' id='word_1_143' title='bbox 1052 2379 1251 2466; x_wconf 88' lang='lat' dir='ltr'>appellatum</span> <span class='ocrx_word' id='word_1_144' title='bbox 1267 2401 1340 2443; x_wconf 90' lang='lat' dir='ltr'>esse</span> <span class='ocrx_word' id='word_1_145' title='bbox 1357 2376 1427 2444; x_wconf 84' lang='lat' dir='ltr'>Sir-</span> 
     </span>
     <span class='ocr_line' id='line_1_21' title="bbox 295 2483 1425 2572; baseline -0.001 -23"><span class='ocrx_word' id='word_1_146' title='bbox 295 2483 432 2550; x_wconf 88' lang='lat' dir='ltr'>mondus</span> <span class='ocrx_word' id='word_1_147' title='bbox 455 2483 489 2547; x_wconf 92' lang='lat' dir='ltr'>in</span> <span class='ocrx_word' id='word_1_148' title='bbox 513 2505 572 2547; x_wconf 90' lang='lat' dir='ltr'>sua</span> <span class='ocrx_word' id='word_1_149' title='bbox 605 2483 816 2548; x_wconf 74' lang='lat' dir='ltr'>adnotatione</span> <span class='ocrx_word' id='word_1_150' title='bbox 850 2509 924 2572; x_wconf 78' lang='lat' dir='ltr'>pag.</span> <span class='ocrx_word' id='word_1_151' title='bbox 950 2487 987 2548; x_wconf 78' lang='lat'>71</span> <span class='ocrx_word' id='word_1_152' title='bbox 1014 2485 1166 2570; x_wconf 84' lang='lat' dir='ltr'>(collidus</span> <span class='ocrx_word' id='word_1_153' title='bbox 1189 2484 1315 2569; x_wconf 83' lang='lat' dir='ltr'>uiator)</span> <span class='ocrx_word' id='word_1_154' title='bbox 1337 2492 1425 2548; x_wconf 87' lang='lat' dir='ltr'>recte</span> 
     </span>
     <span class='ocr_line' id='line_1_22' title="bbox 295 2588 507 2653; baseline -0.014 -1"><span class='ocrx_word' id='word_1_155' title='bbox 295 2588 507 2653; x_wconf 84' lang='lat' dir='ltr'>demonstrat.</span> 
     </span>
    </p>
   </div>
   <div class='ocr_carea' id='block_1_6' title="bbox 174 2703 1425 2898">
    <p class='ocr_par' dir='ltr' id='par_1_7' title="bbox 174 2703 1425 2898">
     <span class='ocr_line' id='line_1_23' title="bbox 396 2703 1425 2794; baseline -0.004 -20"><span class='ocrx_word' id='word_1_156' title='bbox 396 2709 461 2774; x_wconf 76' lang='grc'><strong>334.</strong></span> <span class='ocrx_word' id='word_1_157' title='bbox 506 2708 629 2790; x_wconf 85' lang='lat' dir='ltr'>Morer‚</span> <span class='ocrx_word' id='word_1_158' title='bbox 652 2708 740 2794; x_wconf 91' lang='lat' dir='ltr'>quod</span> <span class='ocrx_word' id='word_1_159' title='bbox 763 2709 796 2772; x_wconf 90' lang='lat' dir='ltr'>in</span> <span class='ocrx_word' id='word_1_160' title='bbox 819 2709 851 2772; x_wconf 85' lang='lat' dir='ltr'>A</span> <span class='ocrx_word' id='word_1_161' title='bbox 880 2709 1021 2794; x_wconf 79' lang='lat' dir='ltr'>repperi,</span> <span class='ocrx_word' id='word_1_162' title='bbox 1050 2707 1161 2772; x_wconf 86' lang='lat' dir='ltr'>nescio</span> <span class='ocrx_word' id='word_1_163' title='bbox 1191 2730 1232 2770; x_wconf 84' lang='lat' dir='ltr'>an</span> <span class='ocrx_word' id='word_1_164' title='bbox 1255 2713 1342 2771; x_wconf 86' lang='lat' dir='ltr'>recte</span> <span class='ocrx_word' id='word_1_165' title='bbox 1366 2703 1425 2772; x_wconf 85' lang='lat' dir='ltr'>Sa·</span> 
     </span>
     <span class='ocr_line' id='line_1_24' title="bbox 174 2810 1381 2898; baseline -0.002 -21"><span class='ocrx_word' id='word_1_166' title='bbox 174 2841 177 2846; x_wconf 95' lang='lat'>·</span> <span class='ocrx_word' id='word_1_167' title='bbox 295 2836 372 2878; x_wconf 84' lang='lat' dir='ltr'>varo</span> <span class='ocrx_word' id='word_1_168' title='bbox 395 2811 724 2897; x_wconf 81' lang='lat' dir='ltr'>Elmenlrorstiusquc</span> <span class='ocrx_word' id='word_1_169' title='bbox 747 2812 963 2898; x_wconf 86' lang='lat' dir='ltr'>praetulerint</span> <span class='ocrx_word' id='word_1_170' title='bbox 985 2811 1078 2875; x_wconf 88' lang='lat' dir='ltr'>alteri</span> <span class='ocrx_word' id='word_1_171' title='bbox 1104 2810 1236 2875; x_wconf 88' lang='lat' dir='ltr'>lectioni</span> <span class='ocrx_word' id='word_1_172' title='bbox 1259 2830 1381 2874; x_wconf 84' lang='lat' dir='ltr'>moror.</span> 
     </span>
    </p>
   </div>
   <div class='ocr_carea' id='block_1_7' title="bbox 294 2931 1425 4158">
    <p class='ocr_par' dir='ltr' id='par_1_8' title="bbox 397 2931 1315 3014">
     <span class='ocr_line' id='line_1_25' title="bbox 397 2931 1315 3014; baseline -0.002 -15"><span class='ocrx_word' id='word_1_173' title='bbox 397 2934 462 2999; x_wconf 78' lang='grc'><strong>335.</strong></span> <span class='ocrx_word' id='word_1_174' title='bbox 507 2934 701 3000; x_wconf 79' lang='lat' dir='ltr'>Adolescens</span> <span class='ocrx_word' id='word_1_175' title='bbox 724 2932 758 2996; x_wconf 90' lang='lat' dir='ltr'>in</span> <span class='ocrx_word' id='word_1_176' title='bbox 780 2932 813 2995; x_wconf 83' lang='lat' dir='ltr'><strong>A</strong></span> <span class='ocrx_word' id='word_1_177' title='bbox 837 2939 870 2996; x_wconf 89' lang='lat' dir='ltr'>et</span> <span class='ocrx_word' id='word_1_178' title='bbox 892 2931 925 3000; x_wconf 92' lang='lat' dir='ltr'>H</span> <span class='ocrx_word' id='word_1_179' title='bbox 948 2938 1009 3014; x_wconf 88' lang='lat' dir='ltr'>est,</span> <span class='ocrx_word' id='word_1_180' title='bbox 1033 2954 1098 2995; x_wconf 91' lang='lat' dir='ltr'>uon</span> <span class='ocrx_word' id='word_1_181' title='bbox 1121 2932 1315 2997; x_wconf 82' lang='lat' dir='ltr'>adulescens.</span> 
     </span>
    </p>

    <p class='ocr_par' dir='ltr' id='par_1_9' title="bbox 294 3034 1425 4158">
     <span class='ocr_line' id='line_1_26' title="bbox 396 3034 1424 3121; baseline -0.005 -18"><span class='ocrx_word' id='word_1_182' title='bbox 396 3038 461 3103; x_wconf 74' lang='grc'><strong>333.</strong></span> <span class='ocrx_word' id='word_1_183' title='bbox 505 3034 633 3102; x_wconf 82' lang='lat' dir='ltr'>Salutio</span> <span class='ocrx_word' id='word_1_184' title='bbox 656 3035 735 3120; x_wconf 90' lang='lat' dir='ltr'>quid</span> <span class='ocrx_word' id='word_1_185' title='bbox 758 3057 842 3121; x_wconf 92' lang='lat' dir='ltr'>opus</span> <span class='ocrx_word' id='word_1_186' title='bbox 855 3035 954 3099; x_wconf 89' lang='lat' dir='ltr'>fuerit</span> <span class='ocrx_word' id='word_1_187' title='bbox 971 3035 1174 3100; x_wconf 84' lang='lat' dir='ltr'>adulescenti</span> <span class='ocrx_word' id='word_1_188' title='bbox 1196 3034 1244 3098; x_wconf 93' lang='lat' dir='ltr'>illi</span> <span class='ocrx_word' id='word_1_189' title='bbox 1267 3035 1301 3098; x_wconf 92' lang='lat' dir='ltr'>in</span> <span class='ocrx_word' id='word_1_190' title='bbox 1324 3056 1424 3098; x_wconf 86' lang='lat' dir='ltr'>uxore</span> 
     </span>
     <span class='ocr_line' id='line_1_27' title="bbox 296 3138 1425 3227; baseline -0.005 -21"><span class='ocrx_word' id='word_1_191' title='bbox 296 3141 436 3227; x_wconf 87' lang='lat' dir='ltr'>petenda</span> <span class='ocrx_word' id='word_1_192' title='bbox 458 3139 663 3226; x_wconf 84' lang='lat' dir='ltr'>impetranda</span> <span class='ocrx_word' id='word_1_193' title='bbox 696 3138 844 3203; x_wconf 84' lang='lat' dir='ltr'>ducenda</span> <span class='ocrx_word' id='word_1_194' title='bbox 879 3159 944 3202; x_wconf 90' lang='lat' dir='ltr'>non</span> <span class='ocrx_word' id='word_1_195' title='bbox 968 3138 1078 3217; x_wconf 88' lang='lat' dir='ltr'>video;</span> <span class='ocrx_word' id='word_1_196' title='bbox 1112 3161 1215 3224; x_wconf 88' lang='lat' dir='ltr'>neque</span> <span class='ocrx_word' id='word_1_197' title='bbox 1244 3145 1330 3202; x_wconf 87' lang='lat' dir='ltr'>recte</span> <span class='ocrx_word' id='word_1_198' title='bbox 1354 3161 1425 3202; x_wconf 90' lang='lat' dir='ltr'>ver-</span> 
     </span>
     <span class='ocr_line' id='line_1_28' title="bbox 295 3239 1425 3330; baseline -0.004 -22"><span class='ocrx_word' id='word_1_199' title='bbox 295 3253 368 3308; x_wconf 88' lang='lat' dir='ltr'>tunt</span> <span class='ocrx_word' id='word_1_200' title='bbox 400 3243 513 3330; x_wconf 83' lang='lat' dir='ltr'>gallici</span> <span class='ocrx_word' id='word_1_201' title='bbox 547 3243 758 3327; x_wconf 86' lang='lat' dir='ltr'>interpretes:</span> <span class='ocrx_word' id='word_1_202' title='bbox 793 3244 923 3327; x_wconf 77' lang='lat' dir='ltr'>appuyd</span> <span class='ocrx_word' id='word_1_203' title='bbox 958 3240 1001 3304; x_wconf 93' lang='lat' dir='ltr'>du</span> <span class='ocrx_word' id='word_1_204' title='bbox 1035 3250 1141 3306; x_wconf 86' lang='lat' dir='ltr'>comte</span> <span class='ocrx_word' id='word_1_205' title='bbox 1175 3265 1215 3304; x_wconf 87' lang='lat' dir='ltr'>en</span> <span class='ocrx_word' id='word_1_206' title='bbox 1237 3241 1360 3326; x_wconf 78' lang='lat' dir='ltr'>qualitd</span> <span class='ocrx_word' id='word_1_207' title='bbox 1384 3239 1425 3304; x_wconf 91' lang='lat' dir='ltr'>de</span> 
     </span>
     <span class='ocr_line' id='line_1_29' title="bbox 295 3342 1424 3430; baseline -0.004 -20"><span class='ocrx_word' id='word_1_208' title='bbox 295 3347 405 3428; x_wconf 85' lang='lat' dir='ltr'>client,</span> <span class='ocrx_word' id='word_1_209' title='bbox 428 3368 620 3430; x_wconf 81' lang='lat' dir='ltr'>quamquain</span> <span class='ocrx_word' id='word_1_210' title='bbox 642 3345 707 3408; x_wconf 88' lang='lat' dir='ltr'>tale</span> <span class='ocrx_word' id='word_1_211' title='bbox 730 3343 809 3428; x_wconf 92' lang='lat' dir='ltr'>quid</span> <span class='ocrx_word' id='word_1_212' title='bbox 831 3342 1011 3408; x_wconf 89' lang='lat' dir='ltr'>desiderari</span> <span class='ocrx_word' id='word_1_213' title='bbox 1041 3343 1178 3408; x_wconf 87' lang='lat' dir='ltr'>videtur.</span> <span class='ocrx_word' id='word_1_214' title='bbox 1224 3345 1340 3429; x_wconf 80' lang='lat' dir='ltr'>Longe</span> <span class='ocrx_word' id='word_1_215' title='bbox 1364 3342 1424 3406; x_wconf 85' lang='lat' dir='ltr'>ali-</span> 
     </span>
     <span class='ocr_line' id='line_1_30' title="bbox 295 3445 1425 3534; baseline -0.004 -20"><span class='ocrx_word' id='word_1_216' title='bbox 295 3460 344 3515; x_wconf 89' lang='lat' dir='ltr'>ter</span> <span class='ocrx_word' id='word_1_217' title='bbox 367 3449 503 3514; x_wconf 84' lang='lat' dir='ltr'>Tacitus</span> <span class='ocrx_word' id='word_1_218' title='bbox 528 3472 601 3512; x_wconf 87' lang='lat' dir='ltr'>ann.</span> <span class='ocrx_word' id='word_1_219' title='bbox 626 3449 663 3512; x_wconf 93' lang='grc' dir='ltr'>ΙΙ</span> <span class='ocrx_word' id='word_1_220' title='bbox 685 3450 726 3513; x_wconf 89' lang='grc'>86</span> <span class='ocrx_word' id='word_1_221' title='bbox 760 3461 790 3513; x_wconf 84' lang='lat' dir='ltr'>et</span> <span class='ocrx_word' id='word_1_222' title='bbox 816 3445 936 3512; x_wconf 85' lang='lat' dir='ltr'>Caesar</span> <span class='ocrx_word' id='word_1_223' title='bbox 959 3450 1103 3534; x_wconf 81' lang='lat' dir='ltr'>quamvis</span> <span class='ocrx_word' id='word_1_224' title='bbox 1126 3449 1350 3532; x_wconf 80' lang='lat' dir='ltr'>posthabitam</span> <span class='ocrx_word' id='word_1_225' title='bbox 1372 3448 1425 3511; x_wconf 86' lang='lat' dir='ltr'>de·-</span> 
     </span>
     <span class='ocr_line' id='line_1_31' title="bbox 296 3545 1423 3637; baseline -0.004 -19"><span class='ocrx_word' id='word_1_226' title='bbox 296 3559 358 3620; x_wconf 76' lang='lat' dir='ltr'>cies</span> <span class='ocrx_word' id='word_1_227' title='bbox 381 3555 525 3618; x_wconf 74' lang='lat' dir='ltr'>sestertii</span> <span class='ocrx_word' id='word_1_228' title='bbox 540 3554 613 3616; x_wconf 87' lang='lat' dir='ltr'>dote</span> <span class='ocrx_word' id='word_1_229' title='bbox 637 3555 792 3617; x_wconf 83' lang='lat' dir='ltr'>solatas</span> <span class='ocrx_word' id='word_1_230' title='bbox 814 3545 881 3616; x_wconf 82' lang='lat' dir='ltr'>est.</span> <span class='ocrx_word' id='word_1_231' title='bbox 916 3550 1041 3617; x_wconf 82' lang='lat' dir='ltr'>Salutii</span> <span class='ocrx_word' id='word_1_232' title='bbox 1055 3575 1183 3637; x_wconf 88' lang='lat' dir='ltr'>quoque</span> <span class='ocrx_word' id='word_1_233' title='bbox 1199 3551 1298 3616; x_wconf 87' lang='lat' dir='ltr'>verbo</span> <span class='ocrx_word' id='word_1_234' title='bbox 1315 3551 1423 3616; x_wconf 84' lang='lat' dir='ltr'>damni</span> 
     </span>
     <span class='ocr_line' id='line_1_32' title="bbox 294 3654 1425 3743; baseline -0.004 -21"><span class='ocrx_word' id='word_1_235' title='bbox 294 3659 459 3723; x_wconf 87' lang='lat' dir='ltr'>restitutio</span> <span class='ocrx_word' id='word_1_236' title='bbox 484 3657 698 3743; x_wconf 85' lang='lat' dir='ltr'>significatur.</span> <span class='ocrx_word' id='word_1_237' title='bbox 742 3655 859 3741; x_wconf 89' lang='lat' dir='ltr'>Neque</span> <span class='ocrx_word' id='word_1_238' title='bbox 887 3655 1029 3741; x_wconf 84' lang='lat' dir='ltr'>puellam</span> <span class='ocrx_word' id='word_1_239' title='bbox 1057 3663 1254 3739; x_wconf 85' lang='lat' dir='ltr'>1natremque</span> <span class='ocrx_word' id='word_1_240' title='bbox 1276 3654 1346 3719; x_wconf 88' lang='lat' dir='ltr'>eius</span> <span class='ocrx_word' id='word_1_241' title='bbox 1370 3677 1425 3719; x_wconf 92' lang='lat' dir='ltr'>co-</span> 
     </span>
     <span class='ocr_line' id='line_1_33' title="bbox 294 3758 1425 3846; baseline -0.005 -19"><span class='ocrx_word' id='word_1_242' title='bbox 294 3784 363 3827; x_wconf 86' lang='lat' dir='ltr'>mes</span> <span class='ocrx_word' id='word_1_243' title='bbox 387 3762 513 3826; x_wconf 89' lang='lat' dir='ltr'>solatus</span> <span class='ocrx_word' id='word_1_244' title='bbox 546 3782 618 3826; x_wconf 89' lang='lat' dir='ltr'>esse</span> <span class='ocrx_word' id='word_1_245' title='bbox 641 3760 751 3846; x_wconf 87' lang='lat' dir='ltr'>aptius</span> <span class='ocrx_word' id='word_1_246' title='bbox 775 3758 907 3841; x_wconf 89' lang='lat' dir='ltr'>dicitur,</span> <span class='ocrx_word' id='word_1_247' title='bbox 930 3782 1002 3824; x_wconf 83' lang='lat' dir='ltr'>curn</span> <span class='ocrx_word' id='word_1_248' title='bbox 1030 3758 1088 3823; x_wconf 89' lang='lat' dir='ltr'>illa</span> <span class='ocrx_word' id='word_1_249' title='bbox 1117 3759 1179 3823; x_wconf 90' lang='lat' dir='ltr'>etsi</span> <span class='ocrx_word' id='word_1_250' title='bbox 1204 3758 1425 3845; x_wconf 82' lang='lat' dir='ltr'>facultatibus</span> 
     </span>
     <span class='ocr_line' id='line_1_34' title="bbox 296 3861 1425 3951; baseline -0.003 -22"><span class='ocrx_word' id='word_1_251' title='bbox 296 3874 456 3951; x_wconf 74' lang='lat' dir='ltr'>superior,</span> <span class='ocrx_word' id='word_1_252' title='bbox 479 3872 587 3929; x_wconf 88' lang='lat' dir='ltr'>tamen</span> <span class='ocrx_word' id='word_1_253' title='bbox 609 3887 674 3928; x_wconf 80' lang='lat' dir='ltr'>eoa</span> <span class='ocrx_word' id='word_1_254' title='bbox 697 3865 839 3950; x_wconf 81' lang='lat' dir='ltr'>inferior</span> <span class='ocrx_word' id='word_1_255' title='bbox 862 3863 1065 3928; x_wconf 80' lang='lat' dir='ltr'>natalibus</span> <span class='ocrx_word' id='word_1_256' title='bbox 1088 3862 1197 3926; x_wconf 81' lang='lat' dir='ltr'>luerit.</span> <span class='ocrx_word' id='word_1_257' title='bbox 1241 3861 1328 3926; x_wconf 90' lang='lat' dir='ltr'>Mihi</span> <span class='ocrx_word' id='word_1_258' title='bbox 1345 3862 1425 3926; x_wconf 89' lang='lat' dir='ltr'>sori·</span> 
     </span>
     <span class='ocr_line' id='line_1_35' title="bbox 294 3962 1425 4052; baseline -0.004 -18"><span class='ocrx_word' id='word_1_259' title='bbox 294 3968 435 4035; x_wconf 87' lang='lat' dir='ltr'>bendum</span> <span class='ocrx_word' id='word_1_260' title='bbox 458 3968 587 4032; x_wconf 90' lang='lat' dir='ltr'>videtur</span> <span class='ocrx_word' id='word_1_261' title='bbox 609 3970 764 4032; x_wconf 86' lang='lat' dir='ltr'>solario</span> <span class='ocrx_word' id='word_1_262' title='bbox 789 3970 925 4046; x_wconf 85' lang='lat' dir='ltr'>comitis,</span> <span class='ocrx_word' id='word_1_263' title='bbox 947 3988 1012 4052; x_wconf 94' lang='lat' dir='ltr'>quo</span> <span class='ocrx_word' id='word_1_264' title='bbox 1036 3966 1135 4030; x_wconf 87' lang='lat' dir='ltr'>verbo</span> <span class='ocrx_word' id='word_1_265' title='bbox 1159 3987 1236 4030; x_wconf 90' lang='lat' dir='ltr'>usus</span> <span class='ocrx_word' id='word_1_266' title='bbox 1260 3973 1311 4030; x_wconf 88' lang='lat' dir='ltr'>est</span> <span class='ocrx_word' id='word_1_267' title='bbox 1327 3962 1425 4031; x_wconf 87' lang='lat' dir='ltr'>Sido-</span> 
     </span>
     <span class='ocr_line' id='line_1_36' title="bbox 296 4070 1051 4158; baseline -0.003 -21"><span class='ocrx_word' id='word_1_268' title='bbox 296 4074 368 4137; x_wconf 88' lang='lat' dir='ltr'>nius</span> <span class='ocrx_word' id='word_1_269' title='bbox 392 4095 443 4158; x_wconf 89' lang='lat' dir='ltr'>ep.</span> <span class='ocrx_word' id='word_1_270' title='bbox 467 4072 499 4138; x_wconf 89' lang='lat' dir='ltr'><strong>V</strong></span> <span class='ocrx_word' id='word_1_271' title='bbox 523 4074 541 4134; x_wconf 81' lang='lat'><strong>7</strong></span> <span class='ocrx_word' id='word_1_272' title='bbox 564 4074 656 4158; x_wconf 75' lang='lat'>(326)</span> <span class='ocrx_word' id='word_1_273' title='bbox 680 4075 842 4137; x_wconf 79' lang='lat' dir='ltr'>soterio</span> <span class='ocrx_word' id='word_1_274' title='bbox 866 4070 1051 4137; x_wconf 82' lang='lat' dir='ltr'>tabulariis.</span> 
     </span>
    </p>
   </div>
   <div class='ocr_carea' id='block_1_8' title="bbox 295 4190 1423 4384">
    <p class='ocr_par' dir='ltr' id='par_1_10' title="bbox 295 4190 1423 4384">
     <span class='ocr_line' id='line_1_37' title="bbox 397 4190 1423 4278; baseline -0.002 -20"><span class='ocrx_word' id='word_1_275' title='bbox 397 4193 462 4258; x_wconf 76' lang='grc'><strong>333.</strong></span> <span class='ocrx_word' id='word_1_276' title='bbox 506 4191 712 4277; x_wconf 82' lang='lat' dir='ltr'>Despioieato</span> <span class='ocrx_word' id='word_1_277' title='bbox 735 4214 774 4256; x_wconf 87' lang='lat' dir='ltr'>cx</span> <span class='ocrx_word' id='word_1_278' title='bbox 797 4193 829 4256; x_wconf 92' lang='lat' dir='ltr'>A</span> <span class='ocrx_word' id='word_1_279' title='bbox 841 4191 874 4256; x_wconf 94' lang='lat' dir='ltr'><strong>H</strong></span> <span class='ocrx_word' id='word_1_280' title='bbox 887 4190 955 4257; x_wconf 83' lang='lat' dir='ltr'>RZ</span> <span class='ocrx_word' id='word_1_281' title='bbox 979 4192 1111 4278; x_wconf 72' lang='lat' dir='ltr'>scripsi„</span> <span class='ocrx_word' id='word_1_282' title='bbox 1134 4214 1199 4255; x_wconf 91' lang='lat' dir='ltr'>non</span> <span class='ocrx_word' id='word_1_283' title='bbox 1222 4192 1423 4276; x_wconf 79' lang='lat' dir='ltr'>dispiciente,</span> 
     </span>
     <span class='ocr_line' id='line_1_38' title="bbox 295 4293 1422 4384; baseline -0.003 -22"><span class='ocrx_word' id='word_1_284' title='bbox 295 4297 382 4384; x_wconf 89' lang='lat' dir='ltr'>quod</span> <span class='ocrx_word' id='word_1_285' title='bbox 406 4298 587 4362; x_wconf 89' lang='lat' dir='ltr'>editoribus</span> <span class='ocrx_word' id='word_1_286' title='bbox 610 4297 736 4382; x_wconf 83' lang='lat' dir='ltr'>placuit</span> <span class='ocrx_word' id='word_1_287' title='bbox 758 4307 894 4382; x_wconf 84' lang='lat' dir='ltr'>excepto</span> <span class='ocrx_word' id='word_1_288' title='bbox 924 4293 1111 4376; x_wconf 79' lang='lat' dir='ltr'>Sirnrondo,</span> <span class='ocrx_word' id='word_1_289' title='bbox 1134 4295 1188 4379; x_wconf 88' lang='lat' dir='ltr'>qui</span> <span class='ocrx_word' id='word_1_290' title='bbox 1212 4294 1292 4359; x_wconf 88' lang='lat' dir='ltr'>illud</span> <span class='ocrx_word' id='word_1_291' title='bbox 1316 4294 1422 4359; x_wconf 87' lang='lat' dir='ltr'>habet.</span> 
     </span>
    </p>
   </div>
   <div class='ocr_carea' id='block_1_9' title="bbox 0 0 1598 4900">
    <p class='ocr_par' dir='ltr' id='par_1_11' title="bbox 0 0 1598 4900">
     <span class='ocr_line' id='line_1_39' title="bbox 0 0 1598 4900; baseline 0 0"><span class='ocrx_word' id='word_1_292' title='bbox 0 0 1598 4900; x_wconf 95' lang='lat' dir='ltr'> </span> 
     </span>
    </p>
   </div>
  </div>
 </body>
</html>
