3186 4900
272 455 382 526 Oarm.
406 462 435 543 5,
459 461 499 523 57
523 481 591 543 seq.
612 459 715 544 (518).

529 611 667 678 Famula
690 623 778 676 satus
801 614 879 675 olim

171 719 223 782 lic
241 719 366 804 praedo
386 713 615 802 (Genserious)
634 728 664 779 et
680 716 821 778 «lerninis
837 716 1003 779 sustinetis
1020 713 1164 778 barbara
1182 715 1300 780 dudum

171 834 298 908 saepta-a
322 834 406 885 tenet
430 821 544 885 tellure
567 841 637 883 mea
654 820 845 905 penitusque
859 817 983 903 fupata

170 925 342 989 nobilitate
357 924 477 1011 furens
500 923 583 1007 quad
606 943 670 984 non
694 932 740 986 esl
762 942 826 984 non
851 934 948 985 amat.
996 919 1022 984 0
1046 943 1146 1006 spes,

172 1050 189 1092 a
214 1027 308 1092 Latii
329 1029 432 1114 sopite
454 1029 560 1112 alpos,
584 1036 640 1089 tua
661 1025 791 1089 moenia
812 1024 902 1088 ridet

172 1131 304 1196 insidiis
329 1132 457 1196 cessisse
480 1129 563 1194 suisl
586 1148 650 1192 nan
674 1130 816 1194 concutis
840 1127 985 1192 hastam?

210 1285 212 1290 ⁵
275 1293 339 1359 4⁰5.
384 1289 411 1356 0
436 1313 505 1377 spes
528 1291 649 1378 scripsi
672 1313 709 1355 ex
734 1291 767 1354 A
789 1295 906 1375 (amat3
923 1290 1117 1376 dspes)etH
1135 1293 1159 1376 (.
1183 1293 1302 1377 ospes);

174 1397 207 1460 in
230 1395 262 1460 R
283 1403 334 1460 est
357 1416 456 1479 ospes,
479 1395 513 1459 in
536 1393 736 1458 editionibus
760 1393 882 1479 hospes,
907 1391 995 1477 quod
1016 1393 1132 1457 mirum
1149 1401 1304 1477 quantum

173 1498 275 1585 friget
298 1519 369 1562 oum
394 1497 452 1561 illa
474 1495 667 1582 praesertim
690 1496 832 1560 lectione
855 1502 1088 1581 comparatum.
1133 1495 1304 1561 Librarios

176 1601 316 1665 fortasse
344 1599 417 1664 ideo
448 1599 624 1664 offendite
648 1622 727 1684 spes,
762 1599 850 1684 quod
875 1599 968 1662 Latii
991 1598 1086 1674 simul
1109 1597 1214 1662 audiri
1240 1622 1303 1662 non

175 1703 484 1769 animadvertebant.

280 1981 390 2050 Corin.
414 1988 445 2067 5,
468 1987 508 2049 86
533 2007 599 2070 seq.
624 1987 726 2073 (519).

888 2124 1093 2209 Romanaque
1117 2134 1199 2186 tecta

243 2224 413 2290 Hannibal
435 2238 509 2289 anta
530 2247 617 2290 meus
640 2247 734 2310 quam
758 2228 866 2291 vidit
890 2228 1025 2312 Scipio
1048 2237 1199 2289 nostra.

281 2362 345 2428 itt.
379 2363 432 2426 Ita
455 2384 492 2425 ex
517 2361 548 2424 A
570 2361 775 2426 scribendum
793 2369 853 2443 est,
870 2384 934 2426 non
950 2374 1064 2425 nostra
1083 2363 1194 2449 Salpia
1211 2363 1307 2440 aldit,

179 2465 266 2550 quad
294 2465 327 2529 in
360 2465 525 2552 plerisque
560 2464 761 2529 editionibus
796 2474 862 2543 est;
894 2465 927 2527 in
961 2465 994 2528 H
1022 2454 1103 2527 nanti
1125 2463 1237 2549 Scipio
1261 2468 1308 2528 ai-

180 2571 230 2631 dil
254 2568 393 2654 repperi.

286 2843 395 2912 Carni.
420 2851 450 2931 7,
477 2850 534 2914 198
558 2871 625 2935 seq.
650 2851 754 2935 (499).

283 2987 340 3052 Sia
367 2989 564 3052 Pandioniis
588 2999 692 3052 castae
720 2985 911 3053 Tritonidos
934 2993 1025 3053 aruis

284 3091 481 3180 Hippolytus
504 3113 594 3156 roseo
619 3093 752 3156 sudum
774 3092 930 3156 radiabat
954 3093 993 3156 ab
1017 3113 1082 3172 aas,

284 3198 338 3262 sed
361 3199 478 3262 simul
501 3221 521 3264 a
543 3198 672 3283 pentina
688 3196 840 3282 jlopnans
864 3217 933 3262 aum
957 3197 1073 3262 Cressa
1086 3196 1207 3283 furare

286 3301 422 3363 transiit
446 3301 563 3388 affealu
585 3312 706 3364 matres
730 3312 759 3364 et
774 3299 898 3386 fraude
920 3321 1084 3365 noveratis.

284 3456 348 3522 tlt.
396 3449 562 3518 Sirmondi
597 3453 660 3519 hoo
687 3455 761 3522 loeo
790 3475 925 3540 prorsus
955 3455 1066 3522 eadem
1089 3462 1141 3520 est
1162 3462 1258 3539 alque
1280 3457 1311 3520 A

182 3557 308 3622 codicis
332 3557 431 3624 lectio
455 3559 651 3643 (dpamirso)‚·
674 3557 732 3622 sed
748 3559 782 3622 in
799 3557 922 3645 Mignii
938 3557 1081 3622 editione
1099 3558 1217 3622 sudans
1234 3560 1313 3622 sori-

182 3661 281 3742 bitnr,
301 3663 377 3726 ilem
395 3684 414 3724 a
429 3659 550 3725 Bareto
567 3668 599 3724 et
614 3659 653 3723 ab
670 3682 708 3724 eo
724 3660 823 3746 paulo
839 3669 917 3746 post
932 3663 1046 3741 simili,
1067 3665 1203 3745 pennino.
1237 3661 1313 3726 Hoo

184 3776 290 3831 autem
312 3767 405 3853 prius
427 3766 586 3851 scriptum
607 3771 658 3829 est
678 3763 711 3828 in
732 3763 777 3846 H,
793 3765 939 3830 insimul
955 3788 974 3828 a
990 3771 1106 3850 postea
1122 3774 1313 3847 correctum,

184 3869 217 3932 in
240 3869 260 3934 b
285 3871 414 3948 simula,
441 3869 475 3932 in
498 3867 528 3932 R
551 3870 654 3933 simili
675 3875 735 3950 est,
756 3867 789 3931 in
813 3867 964 3932 omnibus
983 3868 1105 3932 sudum.
1132 3868 1182 3933 Ex
1207 3869 1235 3934 P
1259 3870 1313 3934 sed

185 3974 320 4037 simulac
353 3971 495 4036 Baretus
531 3970 710 4034 adnotavit.
755 3971 885 4036 Sadans
908 3971 1009 4036 scribi
1032 3972 1173 4036 fortasse
1196 3971 1314 4058 potuit,

184 4083 221 4139 ut
242 4083 331 4140 esset
352 4074 505 4140 laborans
528 4083 665 4138 vexatas
690 4074 821 4152 anxius3
843 4097 953 4138 verum
972 4073 1004 4137 in
1023 4096 1061 4138 eo
1080 4075 1313 4140 sententiarum

186 4185 341 4243 contextu
375 4179 431 4243 sed
465 4180 561 4243 simul
595 4177 671 4240 ferri
706 4177 820 4262 nequit
851 4201 889 4243 eo
917 4201 957 4242 ne
984 4177 1038 4242 sed
1061 4181 1164 4244 siusili
1184 4178 1314 4263 quidem

186 4292 262 4368 apte
285 4282 430 4368 positum
453 4281 592 4347 videtur.
638 4281 678 4345 In
700 4281 733 4347 A
756 4280 882 4348 oodiois
904 4281 1045 4346 lectione
1067 4281 1166 4346 rubor
1186 4281 1316 4370 Hippo-
