3172 4908
343 254 383 320 46

402 445 465 511 158.
511 442 610 526 Hinc,
624 443 711 527 quod
727 453 778 508 est
801 445 834 508 in
858 443 888 508 A
902 445 935 509 II
948 441 978 511 R
992 443 1024 510 V
1036 445 1065 510 F
1076 442 1117 526 L,
1141 469 1204 511 non
1221 445 1335 512 dubito
1351 446 1428 531 quin

299 547 527 613 eodemmodo
550 549 698 633 posuerit
731 544 890 612 Sidonius
925 557 1020 632 atque
1043 571 1094 634 ep.
1120 549 1169 614 IV
1197 551 1234 614 18
1260 552 1351 636 (274)
1377 551 1429 614 sed

299 652 377 736 quid
399 651 489 714 biae
510 650 561 737 (id
583 658 644 730 est,
668 651 700 714 ni
724 650 834 731 fallor,
858 650 897 715 de
923 652 982 716 bac
1006 654 1056 736 re)
1086 654 1245 738 amplius?
1267 652 1372 718 Istinc
1388 655 1431 717 si-

299 755 419 819 militer
462 777 513 839 ep.
548 755 586 820 ΙΙ
628 755 666 817 10
700 755 845 839 pesitum
889 755 1073 820 videbimus
1114 764 1303 842 corruptum
1348 777 1429 824 esse.

299 857 410 921 Alium
434 859 508 922 biae
529 856 710 943 particulae
734 879 828 921 usum
852 857 948 943 paulo
973 858 1169 939 liberiorem,
1185 861 1332 943 quamvis
1356 883 1447 945 pro·‚

301 962 374 1046 pins
397 962 438 1024 ad
472 961 608 1046 primam
643 960 917 1045 significationem
948 961 1094 1042 accedat,
1118 962 1176 1025 sed
1205 985 1245 1026 ne
1268 983 1338 1026 eum
1362 962 1431 1046 qni·

300 1063 372 1128 dem
408 1057 652 1149 lexicographis
686 1071 810 1144 notum,
834 1062 884 1127 his
917 1063 1000 1128 loeis
1030 1063 1220 1128 illustrabo:
1256 1086 1307 1149 ep.
1332 1063 1383 1128 IV
1412 1069 1431 1126 4

298 1179 305 1230 t
313 1167 391 1251 266)
415 1169 511 1230 simul
533 1178 564 1229 et
586 1168 654 1252 ipse
678 1167 769 1229 bino
792 1170 930 1252 amplius
954 1168 1153 1252 capiebatur,
1172 1168 1255 1253 quod
1278 1189 1309 1230 se
1332 1169 1434 1252 dilipi

299 1273 405 1352 mapis
428 1290 522 1353 quam
546 1273 639 1353 quasi
662 1272 725 1333 coli
746 1270 961 1356 iutellipcbat‚
985 1270 1036 1334 IV
1055 1271 1202 1355 24093)
1226 1282 1319 1354 etque
1344 1271 1434 1333 binc

301 1393 439 1458 superna
462 1394 565 1457 repen
586 1375 737 1450 mercari,
751 1374 835 1460 quod
858 1374 1008 1454 beneficia
1032 1386 1164 1437 terreae
1186 1394 1251 1436 aon
1272 1375 1434 1448 uenderet,

302 1475 375 1540 Va
405 1476 496 1559 (322)
529 1479 617 1539 cuius
650 1475 846 1559 improbitas
875 1479 924 1540 uel
958 1477 1049 1540 biae
1081 1480 1219 1540 marimo
1252 1477 1435 1540 dinoscitur

302 1579 363 1659 (ite
386 1600 424 1641 ex
447 1578 479 1640 A
493 1577 525 1642 Η
539 1578 571 1643 V
595 1579 726 1664 scripsi,
750 1601 813 1642 non
838 1579 1069 1664 dipaoscitur),
1083 1581 1164 1665 quod
1189 1582 1312 1643 tacetis.
1360 1578 1435 1642 Hoc
1515 1637 1517 1642 ,

303 1681 437 1744 secundi
461 1679 537 1745 libri
562 1681 635 1746 loeo
660 1681 712 1745 bia
734 1705 752 1744 n
765 1679 959 1746 Wonwerio
974 1679 1149 1746 Sirmondo
1166 1683 1296 1767 Mignio
1313 1682 1434 1746 Bareto

304 1784 461 1869 seriptum
485 1793 544 1848 est.

406 2093 469 2178 Ep.
494 2092 531 2156 ΙΙ
554 2094 572 2154 2
597 2095 698 2178 (216).
730 2091 845 2157 Fluvio
869 2095 1029 2171 intratur,
1055 2097 1111 2181 qui
1133 2095 1322 2158 salebratim
1345 2114 1435 2156 snae-

306 2219 378 2260 rnen
401 2196 545 2260 obicibus
567 2197 891 2286 affractusspumoso
917 2202 1056 2262 canescit
1079 2200 1220 2281 inpulsu,
1238 2209 1268 2259 et
1296 2217 1352 2261 nce
1370 2199 1436 2261 lou·

304 2322 380 2385 pum
408 2299 547 2384 scopulis
571 2299 811 2386 praecipitibus
840 2315 1000 2387 ecemptus
1029 2304 1101 2365 lacu
1130 2302 1291 2364 conditur.
1337 2301 1435 2381 Quem

303 2405 390 2482 fors
415 2403 509 2489 fuat
543 2426 585 2466 aa
617 2409 777 2480 incurrat,
802 2427 844 2466 aa
863 2405 985 2487 ¹faciest,
1004 2407 1169 2488 praeterit
1193 2416 1286 2480 certe,
1311 2415 1436 2468 coaetus

302 2529 362 2592 per
387 2509 456 2570 cola
479 2507 690 2570 subterranea
713 2507 887 2592 deliquari,
904 2520 1013 2568 aeaut
1030 2507 1263 2590 ,fluetibuased
1285 2520 1320 2570 nt
1337 2511 1437 2592 pisci-

307 2611 363 2674 bus
381 2624 634 2697 pauperaretur,
650 2615 706 2694 qai
725 2613 852 2695 repulsi
873 2616 909 2673 ia
932 2615 1096 2696 perpetem
1118 2614 1302 2697 pipriorem
1326 2633 1437 2674 earnes

306 2715 426 2779 rubras
450 2716 533 2779 albis
556 2714 780 2778 abdominibus
803 2715 987 2778 ostendunt.

410 2818 471 2883 itt.
515 2816 600 2879 Fors
614 2818 693 2904 fuat
717 2839 782 2880 non
806 2838 918 2881 omnes
942 2815 1173 2880 intellexerunt
1196 2816 1321 2879 librarii
1345 2839 1383 2880 aa
1399 2839 1437 2879 ne

308 2921 451 2986 editores
475 2919 603 3005 quidem
628 2942 749 2984 omnes.
795 2920 835 2985 In
864 2920 896 2984 V
920 2919 992 2984 solo
1018 2918 1050 2982 id
1075 2941 1136 3005 ego
1162 2921 1314 3004 suspicor
1336 2920 1438 2982 fnisse

308 3034 395 3090 reete
426 3023 584 3108 seriptum
612 3061 651 3070 —
680 3031 758 3107 post
777 3025 796 3101 t'
821 3023 906 3086 enim
931 3023 963 3085 in
988 3021 1245 3109 voossbnlofuat
1267 3047 1288 3086 u
1311 3043 1437 3086 erasum

309 3128 445 3206 videtur,
469 3125 531 3188 nisi
556 3126 642 3188 forte
665 3125 727 3188 fuit
743 3127 828 3210 fluat
850 3148 964 3189 -nee
987 3125 1071 3188 male
1094 3124 1292 3210 explioatnm
1315 3134 1366 3188 est
1390 3124 1439 3187 bis

308 3228 433 3293 verbis:
456 3229 492 3291 id
516 3241 562 3292 est
585 3227 746 3292 dubium
770 3240 827 3291 est
849 3231 900 3292 uel
923 3232 987 3309 sit,
1011 3229 1044 3292 in
1066 3229 1099 3292 A
1122 3237 1154 3292 et
1177 3228 1251 3292 UF
1275 3227 1337 3314 for
1351 3228 1441 3314 fuat,

309 3332 340 3394 in
364 3330 479 3394 HZP
505 3330 640 3418 forfaat
674 3332 832 3417 seriptum
861 3340 922 3413 est,
944 3333 1021 3396 item
1045 3332 1076 3394 in
1104 3327 1282 3394 Savaronis
1311 3329 1442 3394 Elmen·

310 3434 492 3517 horstiiqne
516 3433 724 3498 editionibus.
770 3434 809 3498 In
834 3434 863 3497 L
887 3435 1000 3499 codiee
1023 3433 1176 3497 librarius
1200 3455 1304 3518 queas
1329 3441 1362 3518 (p
1390 3455 1441 3496 sn·

314 3536 497 3622 perscripto
521 3539 576 3619 aa)
607 3537 790 3621 confluat
814 3529 936 3624 (ξῇααί)
975 3561 1017 3600 en
1058 3540 1209 3601 incurrat
1243 3549 1307 3598 esst
1332 3538 1441 3621 'faciat

311 3639 461 3726 scripsit:
485 3661 549 3703 non
575 3639 689 3703 melius
717 3639 750 3702 in
773 3639 901 3724 Xfors
924 3641 1050 3724 influat,
1079 3639 1164 3704 idem
1188 3639 1222 3702 in
1245 3639 1276 3702 Y
1301 3639 1440 3702 secunda

311 3764 418 3822 rnann,
441 3743 545 3828 prima
560 3744 647 3828 fars.
674 3744 741 3806 laet
765 3742 998 3828 scriptumest.
1031 3740 1243 3807 Wouwerins
1258 3743 1443 3829 ,forssfluat

312 3846 345 3910 in
369 3843 580 3910 adnotatione
594 3845 673 3932 fors
688 3846 775 3931 fluat
799 3846 944 3932 scripsit.
991 3843 1185 3909 Sirmondns
1208 3845 1358 3931 Mignins
1381 3845 1443 3908 Bs-

312 3956 400 4012 retus
423 3971 532 4012 veram
557 3948 676 4012 babent
699 3948 884 4029 lectionem,
909 3972 1004 4033 qnam
1028 3948 1080 4012 hie
1103 3957 1210 4011 tamen
1233 3969 1296 4011 non
1315 3947 1442 4011 facilem

311 4074 383 4116 esse
407 4051 574 4116 intellectu
598 4054 654 4116 ait.
696 4049 828 4117 Sufficit
850 4076 888 4116 ex
906 4053 979 4138 ipso
998 4049 1136 4116 Sidonio
1154 4051 1302 4136 exempla
1316 4051 1443 4115 adferre

312 4179 364 4241 ep.
380 4155 471 4220 VIII
489 4158 611 4242 3(417)
636 4159 666 4221 si
686 4179 764 4220 uera
786 4160 939 4220 metimur
964 4159 1236 4240 aestimamusque,
1246 4155 1271 4239 f
1275 4177 1340 4216 ors
1347 4156 1442 4239 serat

310 4260 357 4342 (in
385 4257 417 4322 Il
447 4269 480 4323 et
502 4259 532 4324 V
558 4261 608 4322 uel
636 4261 700 4342 fiet
734 4259 877 4343 additnr)
907 4285 948 4323 on
978 4259 1167 4345 plsilosnpbi
1187 4261 1273 4322 citae
1302 4261 1444 4343 scriptor
