3186 4900
311 229 373 296 114

268 427 301 484 et
334 418 500 500 collatiue,
527 439 584 482 eae
611 417 703 504 ipsae
731 424 905 499 testantur,
932 416 967 482 ni
994 415 1102 497 fallor,
1129 397 1315 482 uotaettem*
1324 439 1398 483 esse

268 520 486 604 scribendum,
520 543 585 586 non
618 523 804 586 volaticum.
847 521 964 604 Neque
998 518 1092 584 aliter
1123 543 1159 586 se
1182 519 1281 585 habet
1303 519 1397 585 loeus

267 625 358 712 Hyg.
376 624 442 691 tab.
468 627 524 688 141
550 625 658 712 ibique
682 621 843 708 (Sirenes)
869 621 998 688 Cereris
1020 625 1186 690 uoluntate
1209 625 1292 709 quod
1314 625 1400 688 Pro·

269 730 418 815 earminae
459 730 617 794 aueilium
650 751 716 792 nou
750 730 905 807 tulerant,
939 726 1135 791 volaticae
1169 739 1243 792 eunt
1268 727 1400 806 factae3

268 854 342 895 nam
375 831 439 896 hoe
467 853 595 916 quoque
622 830 697 896 loeo
727 829 860 894 elutus
889 829 1055 916 significat
1082 829 1283 894 adieetivum
1304 829 1399 907 illud,
1446 855 1449 860 ·

269 957 334 998 uon
368 934 493 998 velox.
534 934 651 1018 Itaque
685 957 758 998 oum
786 932 920 998 dubium
953 919 1101 997 videatur
1128 933 1214 997 sitne
1241 935 1400 998 volaticus

268 1035 354 1101 idem
383 1059 421 1101 ac
455 1036 562 1118 velox,
590 1032 722 1101 Sidonii
750 1035 824 1102 loco
851 1038 984 1102 volatili
1010 1059 1048 1101 ex
1077 1036 1207 1128 optimo
1232 1035 1345 1102 codiee
1367 1035 1400 1098 A

269 1139 383 1204 neseio
407 1163 448 1204 an
471 1138 680 1204 scribendum
703 1139 756 1204 sit.

372 1447 436 1533 Ep.
461 1445 515 1514 IX
541 1449 574 1511 ll
602 1446 706 1533 (460).
757 1446 847 1512 Illud
876 1445 927 1510 leia
959 1447 1067 1531 lunae,
1091 1447 1174 1532 quod
1201 1448 1230 1510 ei
1252 1449 1329 1531 quid
1353 1449 1403 1512 ibi

270 1553 320 1616 oel
343 1552 567 1616 causaliter
586 1551 705 1636 placet,
730 1561 764 1613 tu
781 1572 844 1634 per
868 1549 1038 1614 consilium
1059 1571 1161 1615 meum
1185 1552 1322 1630 lectitas,
1345 1554 1401 1616 ille

270 1655 457 1740 quandoque
476 1676 538 1740 per
562 1654 746 1736 beneficium
770 1665 868 1735 tuum,
888 1656 945 1738 qui
967 1656 1148 1720 munusculi
1163 1657 1228 1718 mei
1242 1658 1403 1720 incoatum

268 1781 399 1844 pressus
431 1759 562 1822 inuidia
594 1756 728 1822 necdum
750 1758 793 1821 ad
813 1756 1003 1836 facultatem
1028 1758 1166 1843 leqendi,
1187 1768 1224 1821 ut
1247 1762 1403 1844 auspicor,

270 1865 368 1939 uenit,
393 1883 461 1926 cum
495 1860 622 1924 iamdiu
650 1863 719 1946 ipse
738 1863 927 1944 perveneris
951 1861 993 1924 od
1018 1865 1143 1946 copiam
1171 1861 1404 1948 transferendi.

272 1964 337 2028 Aio
362 1976 524 2051 tamquam
546 1986 610 2029 non
633 1967 677 2028 eit
701 1964 972 2050 ltoloqraploae
994 1965 1198 2030 membranae
1221 1965 1404 2030 arbitratu·

271 2091 338 2147 rue,
362 2070 520 2132 ettamen
543 2067 627 2154 quod
661 2078 749 2130 aute
778 2088 1000 2150 percurras
1023 2069 1073 2133 ecl
1095 2070 1256 2154 eaemplar
1280 2090 1405 2154 accepe-

272 2174 331 2236 rit.
376 2169 486 2256 Neque
509 2173 652 2233 enimin
675 2171 718 2232 iia
741 2189 821 2255 quoe
845 2176 1039 2238 tractaveris
1060 2173 1130 2238 ulla
1147 2172 1331 2256 culpabitur
1348 2185 1404 2236 aut

273 2276 520 2338 distinctionum
541 2275 668 2336 raritas
690 2285 746 2336 aut
772 2273 957 2360 frequentia
980 2274 1269 2342 barbarismorum.

358 2376 441 2442 tot.
466 2373 662 2456 Catualdae,
675 2375 763 2460 quod
785 2375 819 2441 in
842 2398 906 2440 uno
930 2376 1015 2442 libro
1033 2399 1094 2463 pro
1113 2380 1288 2443 causaliter
1301 2377 1406 2462 serip-

275 2489 343 2544 tum
365 2479 448 2544 dicit
468 2475 691 2560 Wouwerius,
714 2501 779 2545 non
808 2486 897 2544 recte
929 2475 1056 2544 Severo
1078 2480 1406 2564 Elmenhorstiusque

275 2582 486 2648 admiserunt.
513 2581 601 2648 Nam
623 2581 686 2646 hoo
709 2581 844 2646 dieitur:
868 2581 966 2647 etiam
989 2582 1017 2646 si
1040 2582 1119 2667 quid
1134 2584 1258 2656 ,merito
1282 2606 1320 2649 aa
1335 2583 1407 2648 iure

275 2685 394 2772 placet,
417 2695 524 2751 tumen
557 2707 617 2771 per
646 2685 814 2771 seipsum
849 2706 915 2749 non
943 2685 1067 2751 excitet
1094 2685 1225 2773 legendi
1254 2686 1406 2752 studium.

276 2785 367 2854 Satis
400 2790 434 2854 id
467 2788 650 2867 modestum
685 2795 745 2871 est,
770 2791 946 2854 casualiter
979 2787 1162 2854 modestius
1185 2789 1325 2874 quidem,
1349 2790 1407 2854 sed

275 2915 340 2958 non
363 2915 464 2978 aeque
486 2900 609 2979 aptum.
643 2891 684 2956 Id
707 2892 841 2957 verbum
865 2914 904 2956 ex
930 2891 993 2957 hoe
1015 2891 1090 2957 loeo
1114 2892 1260 2958 adfertur
1281 2892 1408 2956 inlexi-

276 2996 336 3078 ois,
357 2995 479 3062 rectius
503 3017 542 3060 ex
565 2993 743 3080 Fulgentio
765 2993 892 3081 (Myth.
916 2994 934 3058 Ι
957 2995 993 3079 5)
1016 2992 1115 3080 paulo
1138 2994 1304 3060 inferioris
1321 3003 1408 3058 aete-

275 3099 318 3164 tis
342 3098 513 3184 scriptore.
592 3153 595 3160 .

379 3201 444 3266 ttt.
490 3197 723 3287 Holoqraploe
758 3195 956 3264 Sirmondus
984 3199 1135 3286 Mignius
1163 3199 1304 3265 Baretus
1328 3198 1408 3264 sori-

276 3304 366 3386 bunt,
401 3303 624 3388 autooraploe
647 3300 861 3368 Wouwerius
885 3297 1011 3366 Severo
1033 3303 1313 3382 Elmenhorstius3
1348 3297 1409 3366 Sa·

275 3429 354 3471 varo
382 3407 582 3493 oloyraplcae
603 3428 642 3470 ex
665 3409 760 3470 ”mss
784 3398 873 3472 Olar.
896 3405 1014 3470 &Pus
1028 3415 1124 3490 atque
1147 3406 1244 3480 etiam
1268 3413 1345 3470 vett
1368 3404 1409 3468 li·

276 3510 363 3576 bris”
387 3509 533 3591 adnotet,
555 3508 699 3593 reliquos
722 3507 806 3574 dicit
826 3507 1022 3596 outoqrojae
1051 3509 1178 3592 hebere,
1206 3509 1409 3595 dioqraplcao

276 3621 383 3678 tamen
406 3612 499 3678 addit
521 3635 560 3678 ex
583 3616 679 3678 ”mss
703 3611 764 3676 iur.
787 3611 858 3678 Pet.
882 3611 978 3694 Pito’,
1000 3611 1034 3677 id
1058 3635 1098 3677 ex
1120 3611 1204 3678 libro
1227 3610 1409 3702 IcotBon·

275 3716 380 3802 garsii
404 3709 544 3783 Colvius
567 3715 683 3798 adfert,
707 3738 769 3802 ego
794 3739 832 3782 ex
856 3715 887 3782 R
908 3723 942 3781 et
966 3715 992 3780 Z
1016 3713 1245 3801 (praecedente
1268 3717 1338 3799 aut)
1354 3713 1411 3778 ed-

277 3827 424 3885 notatum
455 3818 570 3885 habeo.
616 3819 741 3902 Potuit·
767 3840 846 3884 sene
880 3816 1036 3886 Sidonius
1071 3826 1103 3884 et
1131 3819 1349 3906 loloaroplae
1377 3825 1411 3881 et

277 3923 500 4010 outoorapleao
524 3931 557 3988 et
578 3923 666 3988 idio
674 3923 851 4009 araphae
870 3922 1023 4004 scribere,
1041 3923 1099 3988 sed
1121 3945 1196 3988 cum
1217 3922 1251 3986 in
1273 3922 1306 3986 A
1321 3928 1354 3986 et
1374 3920 1409 3984 H

278 4027 322 4091 sit
345 4040 402 4091 aut
427 4027 635 4113 oloqraplrae,
658 4025 745 4090 haud
775 4026 845 4092 scio
879 4050 920 4092 an
943 4049 1064 4090 novum
1097 4026 1231 4092 verbum
1264 4025 1410 4091 autlolo-

277 4130 423 4216 9roploe
446 4125 604 4194 Sidonius
628 4129 785 4215 posuerit.
1052 4127 1053 4130 ’

380 4231 445 4298 tot.
490 4231 557 4297 Pro
580 4245 655 4298 onte
675 4254 864 4319 percurras,
886 4231 975 4315 quod
997 4231 1146 4316 equidem
1162 4254 1227 4296 non
1243 4230 1411 4316 intellego,
