3186 4900
1253 271 1291 332 67

208 459 289 524 thol.
312 460 368 526 lat.
392 459 442 524 ed.
466 458 556 526 Ries.
588 461 625 522 19
655 481 731 546 pag.
755 462 795 526 69
824 460 859 539 (Ι
882 459 975 546 Lips.
1001 460 1106 543 1869).
1152 459 1190 524 In
1213 482 1248 523 re
1271 453 1336 523 uon

207 585 344 649 prorsus
371 571 460 628 certa
483 563 565 628 duos
588 562 715 628 libebat
737 563 864 627 adferre
886 563 1078 626 emendandi
1102 570 1249 628 conatus.

309 905 373 991 Ep.
398 905 455 970 ΙΙΙ
479 905 517 970 13
541 907 645 992 (247).
696 905 797 970 Taceo
824 908 926 993 'quio
959 907 1083 971 decidit
1107 907 1209 970 bonor
1233 907 1337 972 lcume-

208 1012 266 1088 ris,
290 1009 386 1072 decor
410 1009 563 1087 brachiis,
586 1009 687 1073 robur
717 1011 860 1073 lacertis.
910 1007 1012 1073 Taceo
1042 1011 1247 1095 clairopricas
1269 1033 1337 1074 ma-

208 1136 266 1176 nus
289 1115 394 1175 unctis
429 1115 697 1198 cataplasmatum
725 1114 848 1198 pannis
877 1126 1041 1197 tamquam
1070 1115 1226 1179 caestibus
1248 1118 1338 1178 inuo-

211 1218 307 1279 lutas.
346 1215 449 1278 Taceo
473 1215 556 1299 quod
579 1215 708 1280 olorum
732 1215 882 1302 specubus
906 1217 1046 1280 hircosis
1077 1227 1169 1302 atque
1199 1239 1338 1281 acescen-

211 1321 294 1382 tibus
330 1321 435 1382 latera
470 1321 630 1403 captiuo
669 1321 810 1384 uallatus
839 1340 933 1383 narce
968 1321 1338 1386 circumsedentium

210 1423 367 1485 ventilata
390 1421 530 1505 duplicis
553 1423 747 1508 Ampsancti
763 1433 853 1509 peste
868 1423 1028 1507 funestat.
1116 1449 1118 1453 ·

312 1541 377 1605 231.
420 1541 473 1604 De
497 1545 574 1628 quia
597 1541 671 1605 vide
688 1565 763 1628 pag·
788 1543 839 1623 62,
862 1542 917 1606 ubi
934 1542 974 1605 de
993 1564 1043 1628 ep.
1059 1543 1117 1606 ΙΙΙ
1132 1545 1148 1603 7
1164 1557 1219 1607 out
1237 1549 1338 1610 nescis

213 1647 304 1728 quia
327 1643 450 1708 dictum
474 1651 533 1708 est.
607 1634 609 1638 ’

312 1747 377 1811 232.
423 1745 561 1833 Captiva
595 1747 629 1810 in
665 1751 801 1834 caprina
830 1755 956 1812 mutare
985 1748 1096 1812 voluit
1119 1747 1339 1830 Wouwerius3

210 1874 275 1935 qua
298 1852 485 1915 coniectura
508 1873 585 1915 cave
604 1874 643 1915 ne
661 1851 694 1914 iu
713 1874 855 1915 errorem
871 1850 1048 1930 inducaris
1062 1855 1254 1936 praesertim
1267 1879 1339 1920 curu

212 1954 265 2018 liic
288 1953 380 2018 locus
404 1953 553 2018 nonnihil
578 1952 695 2018 lrabeat
717 1954 933 2018 difficultatis.
979 1956 1031 2020 Aa
1061 1951 1186 2020 Sauara
1210 1959 1339 2042 quidem

211 2058 291 2121 nihil
315 2057 354 2121 de
378 2057 435 2121 illo
460 2057 558 2122 verbo
583 2057 733 2135 adnotat3
761 2047 884 2144 gallici¹
903 2059 1099 2144 interpretes
1124 2061 1172 2124 sic·
1194 2070 1340 2125 vertunt:

209 2164 242 2245 je
265 2183 304 2224 ue
327 2161 378 2225 dis
401 2161 470 2225 rien
506 2161 565 2224 des
595 2169 703 2225 autres
732 2160 878 2227 herissis
908 2161 947 2224 de
976 2161 1064 2247 poils
1089 2170 1121 2225 et
1143 2163 1262 2228 infects
1285 2165 1340 2248 qui

212 2264 475 2349 emprissonuent
490 2285 542 2327 ses
561 2263 663 2327 ilanes
687 2263 726 2327 de
750 2263 836 2327 leurs
860 2272 1033 2349 rempurts.
1081 2261 1179 2345 Quod
1202 2289 1278 2330 uum
1295 2267 1341 2329 ita.

210 2373 297 2430 recte
332 2366 470 2430 feceriut
492 2366 640 2449 equidem
674 2366 827 2430 dubitans
864 2367 975 2452 potius
1004 2368 1236 2432 eonfereuduui
1259 2377 1339 2454 pato

211 2469 318 2532 losum
341 2469 463 2555 Apulei
486 2469 567 2533 Met.
591 2469 609 2533 I
634 2471 652 2532 6
683 2461 773 2555 (104)
796 2490 878 2532 cruor
898 2473 1078 2555 persolutis
1103 2472 1271 2556 feralibus
1295 2473 1341 2560 of-

205 2573 292 2652 ficiis
317 2575 403 2637 luctu
426 2583 456 2635 et
479 2592 621 2634 ncocrore
646 2573 801 2636 diuturno
826 2573 1010 2660 deformato
1028 2574 1162 2659 diffletis
1176 2597 1280 2660 pacrze
1299 2577 1341 2639 ad

210 2689 388 2739 cutremom
423 2677 707 2760 captiuitatem
743 2678 841 2738 oculis
877 2677 944 2739 suis
976 2682 1008 2738 et
1043 2675 1179 2738 Anthol.
1209 2676 1265 2739 lat.
1290 2677 1339 2741 ed.

210 2778 298 2843 Ries.
323 2778 396 2859 736,
420 2779 438 2842 3
462 2781 578 2842 meusis
602 2781 731 2865 quisquc
755 2779 833 2842 duos
858 2783 1038 2864 captiuos
1059 2780 1203 2862 possidet
1227 2781 1341 2844 borum

212 2881 375 2968 (dierum).
420 2880 507 2944 Nam
541 2880 780 2966 posterioribus
815 2891 902 2944 certe
929 2881 1090 2946 aetatibus
1121 2881 1183 2946 hoc
1207 2884 1340 2948 verbani

213 2985 246 3048 in
281 3005 462 3048 sermonem
497 2984 642 3048 italicum
676 2992 841 3070 receptam
866 2983 1012 3070 (cottiae,
1037 2983 1086 3048 cfr
1108 2985 1262 3070 gallicani
1285 3010 1341 3071 vo-

211 3110 279 3151 eeru
303 3087 416 3174 clcitif)
441 3087 528 3151 idem
551 3087 718 3172 siguificat
740 3111 778 3150 ac
800 3086 917 3168 malus,
944 3096 1128 3173 corruptus,
1154 3089 1263 3152 miser.

312 3209 377 3273 233.
425 3205 734 3274 Circumsedentium
758 3208 791 3271 iu
814 3207 848 3271 H
872 3217 922 3271 est
947 3216 979 3272 et
1003 3208 1065 3271 fuit
1089 3210 1229 3273 fortusse
1247 3211 1279 3273 iu
1297 3213 1338 3293 A,

210 3311 264 3375 ubi
288 3311 397 3376 littera
420 3319 498 3397 post
521 3324 533 3374 t
556 3335 649 3376 erasa
671 3319 736 3391 est3
763 3313 1047 3376 circumsedentum
1070 3312 1102 3376 V
1125 3311 1231 3376 habet.

313 3657 376 3742 Ep.
401 3655 458 3720 III
489 3657 525 3720 13
551 3655 653 3742 (247).
699 3657 771 3720 lom
805 3657 883 3742 quid
913 3657 965 3719 bic
993 3669 1118 3740 tropum
1152 3659 1338 3744 spinamque

212 3781 459 3838 commemorem,
483 3759 520 3822 dc
550 3763 638 3822 cuius
662 3761 737 3822 licet
758 3760 1019 3823 internodiorum
1039 3760 1213 3846 fomitibus
1237 3783 1339 3825 cruru-

208 3884 286 3948 pens
310 3883 440 3925 orcam
457 3864 602 3948 pectoris
626 3873 715 3924 tecet
739 3875 917 3926 curvatura
942 3873 1114 3938 costarum,
1133 3875 1202 3926 tota
1218 3865 1339 3929 nibilo-

210 3970 316 4030 minus
333 3966 409 4028 laec
432 3967 577 4030 ossium
600 3987 732 4028 rontosa
755 3987 907 4052 compapo
925 3965 980 4029 sub
993 3967 1154 4029 unooelut
1178 3969 1338 4031 scandan-

212 4075 253 4134 tis
277 4069 460 4134 abdominis
478 4071 597 4154 pelope
622 4071 711 4132 latet.
760 4065 862 4131 Taceo
888 4069 1106 4134 lurrsborum
1135 4075 1337 4156 corpulen-

212 4175 308 4236 tiam
332 4175 540 4256 cium‘umquc,
566 4174 618 4237 cui
641 4173 855 4236 crassitudini
878 4183 1067 4257 comparata
1086 4186 1229 4238 censetur
1248 4177 1338 4240 aluus

211 4278 315 4340 erilis.
364 4272 466 4340 Taceo
490 4277 604 4362 femur
639 4277 770 4340 aridum
793 4297 836 4338 oo
855 4275 1009 4362 pandum,
1031 4296 1135 4361 persua
1157 4289 1260 4358 uasto,
1281 4302 1339 4364 po-
