3172 4908
328 282 367 346 18

281 485 415 559 premet,
441 495 510 538 curn
544 495 606 554 eos,
630 496 721 560 quos
755 486 836 540 esset
869 475 1041 560 indipnum
1069 481 1100 542 si
1126 482 1267 566 uestipia
1294 489 1409 543 nostra

284 591 502 664 sequerentur,
535 579 659 642 uideris
693 580 802 646 dolens
836 584 1049 645 antecessisse.
1095 580 1159 646 Sed
1183 585 1260 670 quid
1291 583 1410 668 plural

284 678 325 744 Si
340 685 470 767 poteris
494 682 686 764 lcortontern,
711 696 881 750 conatuum
899 697 1027 750 tuorum
1044 689 1148 750 socius
1166 688 1300 750 adiutor
1311 709 1410 772 prae-

283 789 354 848 uius
377 797 411 848 et
431 788 597 872 particeps
621 807 686 849 ero.

386 907 431 972 41.
475 902 637 986 Nobilem,
665 929 730 991 quo
759 930 870 972 carere
893 931 959 973 nou
982 931 1167 994 possumne,
1190 911 1225 973 111
1246 911 1279 973 A
1302 931 1410 974 serva-

283 1019 352 1074 tum
374 1011 408 1073 in
430 1007 709 1076 HRZbVUY
731 1033 797 1074 non
820 1019 996 1097 estusque
1018 1013 1052 1076 in
1076 1009 1257 1077 Savaronis
1279 1013 1411 1077 Elmen-

283 1113 465 1196 horstiique
488 1112 698 1194 editionibus,
721 1135 914 1199 quamquam
941 1115 1005 1178 iam
1027 1113 1218 1179 Wouwerio
1243 1124 1313 1180 erat
1335 1137 1411 1201 eog-

283 1216 395 1278 nitum.
441 1215 480 1278 In
513 1215 637 1280 AHV
670 1224 826 1301 punctum
859 1225 911 1282 est
943 1226 1022 1303 post
1054 1241 1167 1299 senem,
1196 1219 1284 1303 quod
1311 1220 1345 1281 in
1379 1219 1411 1281 A

282 1325 372 1382 reete
395 1340 522 1382 erasum
544 1327 603 1382 est.

385 1440 432 1504 47.
476 1439 516 1502 In
546 1438 754 1523 sequentibus
783 1461 855 1503 eum
878 1439 1043 1525 aliquanto
1067 1441 1179 1506 durius
1203 1443 1411 1529 [1011111119-

285 1565 361 1606 nurn
384 1542 556 1606 omittatur
579 1543 773 1617 antecedere,
808 1543 892 1606 male
927 1545 1072 1608 correxit
1106 1545 1205 1610 verba
1239 1544 1410 1631 scriptoris

283 1643 495 1710 Wouwerius
518 1645 581 1708 hoe
609 1644 721 1709 modo:
758 1647 858 1732 quod
892 1660 971 1710 esset
1001 1648 1176 1732 indipuuns
1209 1651 1239 1712 si
1271 1649 1411 1732 oestipia

283 1761 397 1813 nostru
432 1752 669 1834 sequereris,
703 1747 889 1813 infeliciora
923 1750 1021 1813 etiam
1055 1749 1192 1813 aliorum
1219 1751 1252 1813 in
1276 1749 1411 1813 adnota-

282 1853 372 1916 tione
407 1851 674 1916 commemoravit
706 1851 848 1914 inventa.
893 1850 977 1916 Mihi
1000 1874 1128 1936 quoque
1153 1848 1283 1915 Sidonii
1307 1874 1410 1938 genus

283 1954 414 2020 dicendi
437 1977 502 2018 non
526 1954 622 2018 huius
646 1953 734 2016 modi
758 1953 959 2018 obscuritate
982 1954 1108 2018 involvi
1131 1955 1183 2018 vel
1206 1955 1317 2040 potius
1340 1955 1412 2019 bre-

283 2058 385 2122 vitate
407 2044 559 2142 impediri
583 2056 688 2120 solere
722 2057 897 2140 reputanti,
922 2079 995 2121 eum
1018 2058 1224 2122 necessarius
1247 2057 1412 2121 videretur

284 2159 477 2224 emendandi
502 2167 649 2240 conatus,
673 2158 737 2221 duo
761 2159 795 2220 in
819 2167 958 2223 mentem
982 2168 1155 2224 venerunt:
1183 2182 1260 2245 quos
1279 2165 1413 2246 praei-

283 2285 325 2325 re
349 2259 455 2349 (pire)
480 2274 559 2326 esset
582 2264 754 2350 indiqnunc
777 2269 809 2324 et
831 2269 957 2326 mutata
972 2263 1139 2348 paululum
1158 2265 1320 2328 sententia
1342 2267 1413 2348 qui

285 2378 364 2429 esset
385 2367 558 2450 iredipnune
582 2368 612 2428 si
634 2367 774 2450 uestipiu
791 2377 904 2428 nostra
923 2380 1138 2451 sequerentur.
1167 2367 1222 2431 Ad
1239 2366 1312 2448 hoc,
1324 2367 1411 2451 quod

284 2469 364 2533 mihi
386 2469 451 2554 ipsi
475 2470 581 2556 magis
604 2468 723 2554 placet,
737 2465 975 2532 defendendum
995 2469 1076 2533 satis
1099 2470 1162 2532 erit
1188 2469 1314 2534 adferre
1339 2462 1411 2532 Oia.

284 2574 355 2636 Att.
379 2571 451 2636 VII
478 2575 528 2654 17,
552 2573 570 2633 ‘l
595 2595 673 2659 quae
702 2574 779 2636 ille
804 2576 1096 2637 amentissimus
1115 2574 1251 2659 fuerit
1273 2575 1339 2636 nisi
1362 2596 1413 2636 11-

286 2678 416 2762 ceperit.
463 2673 586 2741 Gallici
621 2677 817 2762 interpretes
846 2697 912 2739 uon
940 2676 1075 2740 multum
1108 2675 1341 2741 laboraverunt
1373 2675 1413 2739 de

285 2779 381 2843 huius
404 2779 470 2844 loci
493 2779 699 2861 difficultate,
722 2802 816 2864 quem
842 2781 891 2844 sic
913 2786 1058 2843 uertunt:
1087 2778 1219 2862 lorsque
1242 2787 1276 2843 tu
1300 2799 1412 2843 verres

286 2906 364 2947 avec
389 2882 527 2946 douleur
549 2905 609 2967 que
634 2891 669 2946 tu
692 2906 727 2947 as
752 2885 804 2950 ete
828 2883 978 2956 (11111111Ι
995 2905 1057 2967 par
1079 2881 1137 2945 des
1161 2881 1304 2945 hommes
1328 2903 1412 2968 pour

284 2986 339 3068 qui
364 2988 450 3049 c’etlt
472 2989 524 3050 e'te'
549 2986 623 3072 de'ja
646 2994 720 3072 trop
744 2985 783 3050 de
808 2987 915 3050 suivre
938 3007 999 3049 nos
1022 3008 1092 3071 pas,

388 3124 433 3188 48.
476 3123 594 3188 Restat
616 3145 667 3187 res
691 3123 868 3187 levissima.
915 3124 962 3187 Et
985 3132 1060 3187 ante
1081 3127 1246 3209 particeps
1264 3123 1298 3186 111
1315 3123 1348 3186 A
1366 3130 1413 3185 at-

286 3248 347 3310 que
369 3225 404 3289 H
427 3234 459 3289 et
480 3225 501 3290 b
525 3225 657 3289 additur
679 3226 729 3312 (in
746 3226 781 3290 H
803 3234 910 3290 tamen
934 3237 963 3289 et
981 3230 1149 3312 particeps
1173 3249 1272 3312 supra
1293 3226 1413 3288 lineam

286 3329 411 3415 scripta
434 3333 536 3413 sunt),
558 3330 592 3392 in
610 3330 643 3395 V
667 3330 836 3410 omittitur,
859 3330 938 3394 item
960 3329 993 3394 in
1019 3326 1186 3394 Sirmondi
1210 3329 1332 3415 Miguii
1349 3329 1413 3392 Ba-

285 3431 346 3496 reti
370 3431 580 3497 editionibus.
625 3425 688 3496 Ofr
711 3455 760 3518 ep.
786 3432 817 3497 V
843 3435 860 3493 7
885 3433 1066 3517 (326),ubi‚
1080 3455 1152 3498 eum
1176 3440 1251 3497 octo
1269 3432 1413 3496 virorum

286 3542 514 3600 enumerantur
537 3535 680 3616 nomina,
705 3544 780 3600 ante
803 3535 951 3599 ultimum
974 3548 1004 3600 et
1026 3536 1171 3620 ponitur.

389 3880 452 3965 Ep.
476 3879 494 3942 I
517 3881 535 3942 7
560 3878 664 3964 (189).
712 3881 815 3962 Anqit
848 3899 895 3941 use
931 3901 1020 3942 casus
1048 3876 1203 3942 Arcundi
1235 3899 1291 3941 nec
1318 3878 1413 3941 dissi·

286 3984 370 4049 mulo
395 3988 472 4071 quin
495 3995 606 4066 anpat.
652 3977 797 4068 Namque
817 3982 869 4044 1111
886 4002 1006 4068 quoque
1035 3983 1176 4046 cumulus
1200 3980 1323 4044 accedit
1346 3983 1412 4044 luu-

287 4087 380 4152 dibus
403 4087 626 4171 imperatoris,
650 4085 733 4172 quod
757 4089 885 4148 111111
910 4087 1021 4168 polam
1047 4086 1120 4148 licet
1143 4095 1174 4146 et
1197 4086 1301 4169 capite
1325 4083 1413 4147 darn-

288 4202 392 4254 uatos.
436 4188 569 4254 Anticus
599 4189 722 4252 leonn‘ni
740 4191 799 4273 fui
826 4211 925 4274 supro
955 4209 1050 4272 quoue
1076 4208 1201 4251 morum
1230 4190 1296 4250 eius
1311 4187 1414 4272 foci-

289 4297 384 4359 litas
406 4295 610 4378 varietasque
628 4291 904 4378 patiebantur.
954 4290 1107 4355 Testatur·
1124 4290 1182 4354 leoc
1198 4301 1339 4376 propter·
1364 4292 1414 4374 ip-
