3172 4908
260 1133 307 1250 ln
331 1187 529 1252 carminibus
554 1181 729 1252 Claudiani
747 1193 780 1251 et
798 1179 897 1250 Statii
916 1187 1139 1254 examinandis
1154 1212 1214 1276 per
1230 1189 1289 1254 ali·

157 1287 244 1372 quod
267 1297 394 1376 tempus
418 1298 598 1377 occupatus
622 1312 694 1354 cum
723 1287 1024 1355 animadvertissem
1052 1299 1207 1375 quantum
1231 1315 1287 1357 eos

157 1391 315 1456 imitando
345 1394 566 1478 expressisset
585 1391 835 1478 Apollinaris
861 1388 1048 1459 Sidonius
1072 1404 1289 1481 quantumque

158 1493 199 1556 ad
232 1517 344 1559 eorum
378 1517 480 1582 genus
511 1495 675 1561 scribendi
703 1494 932 1561 illustrandum
955 1498 1081 1582 scripta
1102 1497 1192 1562 illius
1215 1499 1289 1563 dili·

156 1606 270 1684 genter
292 1599 516 1684 pervestigata
533 1606 671 1684 possent
689 1599 837 1664 conferre
861 1598 1111 1682 considerarem,
1134 1600 1175 1665 ad
1198 1601 1289 1684 haec,

155 1700 307 1788 neglecta
339 1703 532 1787 praesertim
568 1702 648 1766 satis
682 1701 738 1765 diu
767 1702 888 1766 aviris
923 1702 1041 1784 doctis,
1076 1725 1171 1768 curas
1199 1727 1287 1770 meas

155 1813 186 1869 et
210 1805 428 1891 cogitationes
451 1805 493 1870 ad
515 1814 644 1891 tempus
660 1805 776 1870 saltem
792 1805 1034 1870 transferendas
1051 1807 1286 1872 existimabam.

156 1907 272 1990 Itaque
296 1930 369 1973 cum
391 1907 514 1973 Romae
537 1909 633 1972 initio
657 1933 685 1972 a.
712 1910 794 1974 1880
817 1907 899 1973 duos
923 1910 1165 1975 vetustissimos
1191 1907 1288 1975 Sido-

155 2010 201 2073 nii
235 2009 366 2074 codices
401 2018 500 2092 totos,
533 2018 655 2095 quanta
682 2035 743 2097 par
765 2019 835 2076 erat
857 2011 1039 2098 diligentia,
1064 2014 1286 2098 contulissem,

155 2114 354 2198 comparatis
389 2121 423 2179 et
454 2114 627 2200 perpensis
661 2136 743 2198 quae
770 2122 804 2179 et
830 2115 958 2179 Bernae
981 2123 1015 2179 et
1034 2116 1223 2182 Florentiae
1247 2139 1286 2182 ex

153 2217 293 2282 vetustis
326 2218 522 2282 membranis
556 2240 794 2303 excerpseram,
832 2241 1026 2303 quamquam
1059 2243 1126 2284 non
1160 2243 1284 2307 paucos

154 2318 286 2385 codices
313 2345 351 2385 ex
381 2321 518 2385 aliorum
552 2321 830 2407 descriptionibus
865 2345 968 2408 neque
997 2324 1153 2408 perfectis
1182 2347 1285 2409 neque

152 2423 271 2508 ubique
293 2446 431 2511 prorsus
456 2425 553 2490 certis
577 2425 735 2504 habebam
759 2425 911 2512 cognitos
936 2435 992 2491 aut
1015 2427 1147 2491 omnino
1171 2427 1283 2512 quales

151 2535 263 2592 essent
284 2528 485 2614 ignorabam,
502 2551 611 2593 veram
634 2535 742 2592 tamen
766 2529 963 2615 scriptorum
988 2526 1117 2595 Sidonii
1141 2531 1283 2615 speciem

151 2654 218 2694 non
253 2631 409 2716 opinione
443 2631 582 2716 quadam
616 2638 821 2716 perceptam,
855 2631 913 2696 sed
936 2633 1063 2698 ratione
1085 2632 1283 2698 intellectam

150 2741 259 2798 tenere
287 2733 367 2798 mihi
396 2732 539 2798 videbar.
586 2733 626 2797 In
649 2733 790 2818 patriam
812 2735 989 2799 revertenti
1013 2734 1166 2799 Holmiae
1189 2735 1283 2819 quasi

149 2836 238 2900 ultro
262 2836 392 2901 oblatus
416 2843 468 2900 est
489 2835 590 2900 codex
615 2843 775 2917 vetustus,
799 2859 892 2922 quem
910 2837 1050 2924 benigne
1066 2838 1283 2923 permittenti-

143 2939 212 3005 bus
243 2940 449 3004 Holmiensis
482 2938 701 3004 bibliothecae
729 2940 907 3026 praefectis
943 2940 1005 3006 huo
1039 2941 1174 3005 missum
1209 2964 1281 3006 cum

150 3050 256 3107 totum
291 3042 514 3123 contulissem,
548 3043 679 3106 maximi
711 3043 912 3130 reperiebam
945 3065 1018 3109 esse
1052 3045 1206 3108 momenti
1241 3044 1283 3108 ad

150 3147 391 3232 cognationem,
413 3154 450 3210 ut
472 3145 572 3228 aiunt,
597 3145 747 3210 codicum
771 3145 1044 3233 cognoscendam.

255 3245 348 3330 Quae
383 3271 454 3314 cum
482 3249 529 3312 ita
553 3247 620 3312 sint
641 3271 745 3333 neque
769 3248 930 3314 editiones
957 3245 1098 3330 Sidonii,
1121 3271 1202 3333 quas
1225 3273 1283 3335 pa·

149 3351 216 3416 rari
251 3351 360 3433 audie,
384 3351 597 3438 apparuerint
629 3359 686 3415 aut
713 3375 787 3416 mox
816 3353 1025 3438 appariturae
1048 3351 1209 3434 dicantur,
1232 3375 1282 3416 me

150 3454 238 3520 haud
260 3455 423 3540 ingratum
440 3454 520 3518 viris
544 3453 651 3518 doctis
671 3476 754 3540 opus
773 3455 961 3540 suscepisse
979 3462 1071 3540 puto,
1086 3454 1174 3538 quod
1192 3454 1281 3520 eodi-

150 3557 244 3622 cibus
263 3552 454 3622 Sidonianis
472 3579 554 3641 quos
571 3556 649 3620 novi
668 3557 805 3642 prolatis
818 3565 972 3642 qnantum
986 3557 1125 3643 singulis
1137 3557 1282 3622 tribuen-

80 3737 83 3748 Ι
149 3659 228 3724 dum
257 3661 302 3724 sit
330 3660 548 3741 auctoritatis,
583 3659 662 3743 quid
693 3659 842 3745 plurimis
873 3659 957 3724 locis
985 3661 1018 3724 in
1046 3660 1088 3724 iis
1114 3660 1282 3744 seriptum,

148 3760 229 3848 quid
252 3761 433 3826 editoribus
456 3762 640 3847 probatum,
657 3761 734 3847 quid
758 3762 956 3827 coniecturis
980 3769 1138 3826 tentatum
1157 3762 1210 3840 sit,
1228 3761 1284 3825 de·

149 3864 249 3949 nique
271 3864 350 3949 quid
373 3863 596 3952 recipiendum
618 3863 777 3946 videatur,
800 3865 878 3950 quid
896 3863 1105 3946 reiciendum,
1121 3887 1284 3950 exponere

150 3990 223 4032 sum
242 3976 390 4033 conatus.
418 3967 471 4033 Ac
487 3968 635 4053 quamvis
654 3969 759 4032 omnis
777 3966 867 4048 mihi,
878 3975 916 4031 ut
925 3967 1006 4050 dixi,
1019 3967 1115 4052 copia
1126 3967 1283 4032 librorum

150 4070 277 4135 calamo
307 4071 506 4156 scriptorum
529 4079 585 4135 aut
606 4071 696 4158 typis
720 4093 949 4156 expressorum
972 4078 1105 4157 praesto
1128 4093 1193 4134 non
1217 4071 1285 4135 fue·

148 4174 206 4256 rit,
231 4197 327 4260 spero
350 4181 459 4240 tamen
483 4173 553 4238 fore
575 4181 613 4238 ut
635 4197 673 4238 ea
695 4195 791 4259 quam
813 4175 942 4238 institui
964 4197 1031 4237 rem
1053 4173 1217 4238 tractandi
1234 4197 1284 4238 ra

150 4279 242 4342 tione
276 4277 490 4362 epistularum
525 4277 766 4360 carminumque
800 4271 930 4340 Sidonii
957 4275 1106 4340 recensio
1136 4275 1284 4339 nonnihil
