3172 4908
1178 259 1219 321 45

139 456 189 514 tus
223 444 432 514 Sirmondum
466 453 651 532 sequuntur.
696 442 818 511 Gallici
852 447 1058 532 interpretes,
1081 453 1118 509 ut
1145 445 1263 526 solent,

139 550 224 614 aliud
235 551 388 636 probant,
412 550 500 614 aliud
518 550 681 628 scribunt;
700 551 913 637 hypodromus
931 549 965 612 in
985 547 1197 613 adnotatione
1209 571 1262 612 ex·

138 654 270 739 plicant,
305 654 536 739 hippodromus
570 652 680 717 edunt.
725 653 801 718 Hoc
827 650 1038 718 Wouwerius
1073 659 1106 714 et
1132 651 1264 716 Elmen·

139 757 281 821 horstius
300 757 458 837 scribunt,
476 753 612 830 Severo,
625 757 680 840 qui
698 756 835 842 scripsit
847 757 1094 844 hyppodromuc,
1106 755 1263 819 defendit.

134 929 138 938 ,
239 861 302 926 151.
347 861 534 947 Defrudauo
567 868 730 946 expuncto
764 869 839 924 ante
871 885 893 926 u·
920 860 1030 924 littera
1063 861 1263 945 ascriptum

136 971 184 1026 est
212 963 246 1026 in
268 965 311 1045 A,
335 965 512 1050 defrudans
535 966 634 1030 ceteri
658 964 789 1029 codices
813 972 846 1027 et
868 963 1012 1028 editores
1029 962 1158 1044 liabent,
1178 962 1265 1046 quod

135 1067 282 1149 quamvis
306 1067 395 1152 vulgi
409 1069 550 1132 sermoni
563 1068 668 1154 magis
681 1066 959 1132 accommodatum
976 1067 1135 1148 videatur,
1151 1065 1265 1130 dubito

136 1189 208 1232 num
234 1193 253 1232 a
278 1166 417 1235 Sidonio
441 1172 542 1236 scribi
566 1170 699 1236 solitum
722 1170 774 1232 sit.
820 1170 916 1255 spu
933 1172 951 1234 2
967 1171 1038 1234 init.
1062 1173 1156 1255 (175)
1179 1177 1266 1234 certe

135 1273 306 1357 defraudet
340 1272 508 1352 scribitur3
536 1274 581 1337 ibi
604 1273 638 1337 H
662 1272 787 1337 codicis
811 1274 953 1358 scriptor
979 1275 1066 1357 quod
1089 1273 1210 1357 eliquid
1233 1274 1266 1336 in

136 1376 281 1461 margine
305 1376 422 1440 addere
445 1377 585 1458 volebat,
610 1383 719 1440 notam
743 1376 907 1462 apposuit.
982 1451 983 1454 Ἴ

239 1480 303 1544 155.
349 1477 585 1544 Clientulorum
608 1501 646 1542 ex
670 1479 702 1541 A
719 1488 751 1542 et
773 1479 802 1542 L
823 1479 954 1565 scripsi,
970 1479 1054 1542 idem
1071 1479 1103 1542 iu
1122 1478 1266 1543 HRVF

136 1593 190 1646 aut
211 1584 246 1646 in
270 1585 416 1670 margine
439 1584 569 1648 additur
591 1592 647 1646 aut
668 1583 771 1668 priori
790 1583 922 1648 lectioni
948 1586 1153 1648 clientiorum
1169 1583 1218 1667 (in
1233 1582 1267 1646 H

136 1695 254 1770 tamen,
278 1689 311 1752 ni
335 1688 442 1768 fallor,
465 1696 516 1752 est
539 1690 745 1770 clientarum)
769 1687 1026 1772 superscriptum
1055 1695 1115 1751 ost.
1162 1684 1268 1750 Clien-

137 1801 245 1854 torum
268 1790 412 1855 editores
436 1791 598 1868 scribunt3
633 1790 691 1853 sed
719 1791 817 1853 etiam
844 1790 877 1852 in
906 1789 1009 1853 altera
1031 1790 1088 1853 illa
1112 1791 1269 1876 plurimo-

137 1877 203 1957 rum
239 1893 390 1959 codicum
423 1893 563 1958 lectione
597 1894 804 1957 clientiorum
831 1893 912 1956 latet
935 1895 1171 1974 clicutulorum,
1195 1916 1267 1958 cum

135 1996 167 2058 in
191 2020 305 2061 eorum
328 1996 507 2084 archetypo
530 2022 552 2061 u
573 1996 684 2060 littere
706 2019 765 2082 per
789 1996 1016 2084 compendium
1032 1996 1161 2061 litterae
1186 1997 1269 2061 lad·

135 2098 257 2162 lectum
279 2099 419 2185 exprimi
442 2099 595 2185 potnerit.
640 2098 756 2182 Neque
780 2099 842 2164 hoc
865 2099 999 2164 verbum
1023 2108 1080 2163 aret
1102 2100 1130 2164 ei
1148 2099 1265 2185 dequo

135 2202 320 2284 quaerimus
345 2201 418 2267 loco
443 2210 554 2288 aptum
577 2211 633 2266 aut
656 2199 795 2268 Sidonio
813 2225 885 2268 csse
903 2205 1089 2290 negaverim
1113 2205 1269 2268 conveni-

136 2327 202 2382 ens,
226 2307 421 2392 praesertim
445 2329 517 2370 cunr
540 2307 604 2370 iam
627 2329 646 2369 a
669 2305 786 2371 Tacito
813 2306 903 2392 (dial.
927 2310 967 2374 37
991 2308 1079 2393 init.)
1097 2328 1174 2390 erpo
1204 2330 1268 2370 uon

135 2412 241 2474 ruinas
265 2410 382 2474 rubore
406 2432 499 2497 quom
518 2414 677 2493 pruemiia
700 2411 965 2490 stimuloboutur,
992 2433 1030 2474 ue
1055 2414 1268 2476 clientulo-

136 2533 219 2575 rum
244 2514 311 2576 loco
332 2515 442 2597 potius
466 2536 560 2600 quom
578 2526 797 2597 patronorum
819 2527 1070 2580 numerarentur
1082 2515 1187 2580 forma
1202 2539 1269 2580 ma-

137 2615 266 2680 sculina
282 2624 402 2681 novata
423 2639 497 2680 esse
519 2617 677 2681 videatur.

243 2718 306 2783 151.
349 2718 415 2783 Pro
439 2724 504 2783 eice
530 2725 694 2784 uutriomn
715 2718 926 2785 Wouwerius
942 2729 975 2784 et
995 2720 1270 2803 Elmenlrorstius,

137 2821 225 2904 quod
251 2823 362 2904 sciam,
386 2821 448 2886 soli
472 2833 599 2909 ponunt
620 2827 853 2908 nutricemque.

243 2924 306 2991 151.
351 2925 391 2991 In
414 2927 446 2989 A
470 2926 533 2989 fuit
556 2927 697 2991 fortasse
725 2927 967 3007 dormitorium,
992 2927 1195 2992 correctione
1218 2950 1270 2990 or-

139 3034 205 3091 tum
241 3036 292 3092 est
324 3030 525 3110 dormitorii,
548 3028 636 3114 quod
670 3029 790 3094 collato
819 3029 870 3095 vel
897 3029 960 3094 hoc
983 3051 1047 3093 uno
1071 3030 1145 3094 loco
1169 3028 1270 3094 Plinii

139 3130 294 3215 (ch6,
311 3133 366 3212 21)
391 3144 437 3195 est
459 3135 495 3195 iu
519 3133 578 3196 ltoc
599 3135 711 3197 diaeta
734 3133 1016 3197 dormitorium
1040 3134 1270 3218 cubiculum,

140 3235 223 3317 quod
247 3235 331 3299 diem
354 3239 525 3300 clamorem
548 3257 659 3300 sonum
682 3238 822 3302 occludit
850 3259 914 3300 non
938 3244 989 3300 est
1011 3258 1069 3300 cur
1091 3235 1184 3300 alteri
1208 3236 1272 3300 lec-

139 3337 223 3402 tioni
247 3337 478 3404 dormitorium
500 3361 748 3425 praeponamne.

244 3645 308 3732 Ep.
342 3647 381 3712 II
414 3650 433 3710 2
463 3650 566 3734 (214).
611 3647 699 3714 Hinc
731 3655 799 3716 icm
827 3650 996 3738 spectabis,
1022 3663 1059 3716 ut
1081 3663 1274 3738 promoveat

142 3752 253 3816 aluum
268 3752 420 3836 piscator
442 3754 478 3814 iu
495 3754 644 3838 poloque,
666 3766 702 3818 ut
726 3759 868 3818 statoria
891 3759 980 3819 retia
1013 3755 1174 3820 suberinis
1204 3775 1274 3820 cor-

144 3854 260 3920 ticibus
295 3855 455 3936 euteudot,
490 3869 545 3920 out
574 3859 678 3944 eipm'e
701 3880 765 3943 per
794 3870 882 3923 certo
904 3862 1082 3924 interuallo
1105 3859 1273 3946 dispositis

144 3969 267 4022 tructus
293 3959 428 4044 funium
463 3959 624 4024 librentur
659 3962 794 4042 domati,
817 3964 941 4026 scilicet
967 3974 1003 4025 ut
1025 3967 1193 4026 nocturnis
1209 3985 1274 4048 per

145 4060 247 4126 locum
271 4063 455 4129 comunibus
478 4068 687 4150 rapacissimi
709 4067 832 4129 coloreo
849 4067 886 4128 iu
903 4070 1156 4150 couooapuineoe
1174 4091 1274 4153 opor-

146 4176 198 4228 tur
220 4165 372 4230 insidior.
418 4167 505 4247 Quid
532 4171 617 4232 euim
651 4169 740 4232 diuo
768 4171 996 4254 couprueutiuo
1030 4171 1181 4250 dixerim,
1205 4194 1274 4236 curn

140 4272 242 4352 piscia
260 4272 350 4355 pisce
374 4271 555 4357 decipitur?
