3186 4900
1230 274 1272 338 87

183 456 311 542 quidem
336 456 677 544 hendecasyllabis-
698 481 771 522 nam
795 457 835 522 de
857 458 899 522 iis
923 460 1032 545 agitur
1045 499 1079 508 -
1098 461 1202 546 magis
1225 460 1314 528 vide-

183 569 236 625 tur
258 561 442 626 convenire.
483 555 545 626 Ofr
567 562 600 624 in
624 561 739 648 primis
762 561 848 626 Plin.
868 584 918 647 ep.
938 563 995 626 III
1018 566 1069 644 21,
1096 565 1108 624 l
1136 564 1233 628 audio
1252 565 1312 631 Va·

183 667 300 730 leriam
322 665 515 730 Martiale-m
537 665 705 730 decessisse
729 677 758 730 et
781 667 909 730 moleste
923 667 1019 752 fera·
1048 677 1121 730 erat
1144 667 1235 731 bomo
1263 670 1313 730 in·

181 772 330 854 paniosae
359 781 470 834 acutus
499 790 574 833 acer
597 780 626 833 et
650 772 706 853 qni
723 771 903 854 plurimam
926 773 962 832 in
986 769 1154 834 scribendo
1180 783 1209 834 et
1233 773 1312 835 salis

184 872 315 936 baberet
338 883 368 936 et
382 873 503 958 fellis
526 894 582 935 nec
605 873 758 936 candoris
780 873 885 937 minas
909 880 942 936 ct
958 895 1039 957 quae
1056 873 1128 959 ipse
1144 874 1312 940 Martialis

182 974 264 1039 dicit
287 975 358 1040 VII
381 977 421 1039 25
445 976 553 1040 dulcia
576 997 646 1040 carn
672 987 796 1040 tantam
824 975 949 1042 scribas
973 980 1212 1063 epiprarnmata
1235 1000 1312 1042 scne-

178 1101 239 1165 per
262 1092 292 1143 et
321 1089 484 1144 cerussata
518 1080 713 1144 candidiora
747 1091 825 1160 cate,
858 1082 1008 1168 nulloque
1036 1084 1121 1146 otico
1149 1084 1227 1147 salis
1256 1104 1313 1146 nec

182 1187 308 1248 ornari
332 1185 451 1272 fellis
484 1187 520 1247 in
547 1186 617 1248 illis
643 1195 738 1270 patto
768 1187 821 1265 sit,
850 1185 1027 1266 odernens,
1049 1189 1097 1250 ois
1122 1196 1228 1257 tamen
1250 1189 1312 1252 illa

181 1289 254 1372 lapi.
301 1283 369 1351 Sed
399 1283 556 1351 Sidonius
584 1310 635 1372 ep.
659 1287 752 1352 VIII
777 1291 812 1351 ll
840 1288 931 1375 (432)
961 1289 1040 1353 talia
1062 1287 1222 1354 describit
1243 1291 1311 1376 epi·

179 1399 373 1478 grammata:
393 1405 568 1476 praeterea
591 1391 676 1478 qaod
698 1391 741 1455 ad
763 1395 1002 1478 epiprancncata
1024 1404 1156 1477 spectat,
1179 1415 1244 1457 non
1262 1414 1311 1458 co·

173 1497 247 1580 pio,
260 1494 313 1558 sed
337 1497 481 1560 camina
499 1496 641 1580 placens,
666 1517 745 1581 qnae
767 1517 824 1560 nec
846 1495 974 1560 breuius
997 1495 1148 1578 disticte,
1167 1518 1223 1561 nec
1241 1500 1309 1562 lon·

179 1601 253 1685 pins
277 1599 467 1663 tetrasticho
482 1597 702 1682 finiebantur3
720 1599 887 1686 eademqne
911 1621 981 1664 carn
1002 1622 1067 1662 non
1079 1621 1187 1685 panca
1197 1603 1311 1686 pipe-

180 1712 287 1783 rato,
311 1703 449 1766 melleo
471 1703 574 1767 malta
603 1705 810 1788 conspiceres,
846 1705 955 1766 caenia
985 1713 1091 1766 tamen
1114 1703 1220 1767 salsa
1244 1725 1310 1769 cer-

179 1804 286 1868 nebas.
331 1800 441 1885 Quare
469 1803 648 1870 cavendum
676 1814 726 1870 est
759 1828 798 1869 ne
821 1806 853 1870 A
876 1804 1002 1871 codicis
1026 1805 1167 1871 lectione
1190 1815 1309 1872 temere

179 1908 301 1972 reiecta
329 1907 433 1993 ipsius
464 1904 593 1972 Sidonii
621 1930 724 1995 genus
754 1908 908 1993 loquendi
932 1917 1135 1996 spernentes,
1158 1909 1246 1994 quod
1270 1933 1309 1976 ex

180 2011 254 2076 aliis
278 2011 419 2075 fortasse
443 2011 660 2097 scriptoribus
684 2011 809 2076 librarii
832 2012 976 2076 nondum
998 2013 1152 2099 perlectis
1177 2009 1307 2078 Sidonii

179 2113 330 2200 epistulis
347 2115 569 2200 reponendum
588 2115 714 2201 opinati
733 2122 818 2197 sunt,
835 2115 868 2180 id
887 2115 992 2180 solum
1009 2141 1028 2181 a
1046 2113 1184 2181 Sidonio
1204 2117 1308 2203 scrip·

179 2226 246 2282 tum
263 2239 335 2282 esse
358 2217 588 2285 existimemus.
626 2219 672 2283 Et
693 2219 894 2305 respondent
915 2219 1055 2304 quodam
1072 2219 1169 2285 modo
1187 2223 1249 2286 rncl
1266 2223 1308 2285 lo·

172 2345 236 2408 pas
256 2324 411 2408 piperato
427 2322 589 2412 facundia
610 2321 693 2387 illis:
717 2325 831 2388 mellea
853 2326 940 2389 salsa
960 2327 1126 2410 piperata.

279 2634 342 2718 Ep.
366 2632 398 2697 V
421 2634 440 2695 9
465 2633 568 2716 (337).
613 2631 679 2697 Sed
711 2635 761 2696 ita
789 2654 819 2696 se
848 2635 986 2718 quodam
1008 2635 1101 2698 modo
1126 2637 1217 2700 titali
1240 2659 1305 2699 am·

175 2736 288 2799 boram
313 2737 567 2820 compensatione
576 2734 735 2821 fraterna
750 2737 1023 2822 ponderaverunt,
1040 2749 1076 2802 at
1092 2741 1189 2822 prior
1192 2741 1304 2825 fuerit

167 2838 313 2926 fasciam
336 2851 485 2919 tenore,
509 2841 565 2926 qni
588 2851 660 2904 erat
676 2843 845 2925 posterior
868 2842 1041 2927 dipnitate.

278 2943 343 3008 tos.
392 2927 516 3007 Tenore
538 2965 577 3006 ex
598 2943 631 3007 A
655 2943 785 3029 scripsi,
808 2944 842 3007 in
864 2943 899 3008 H
912 2944 944 3009 V
962 2955 1083 3032 tepore,
1105 2945 1139 3009 in
1162 2944 1230 3011 ΗΖ
1250 2937 1304 3034 tffr

175 3045 315 3131 repperi,
337 3044 371 3108 in
394 3044 428 3109 H
451 3052 557 3109 autem
581 3047 840 3133 superscriptum
862 3049 912 3112 cel
935 3059 1070 3113 tenore
1094 3051 1218 3114 molins.
1245 3046 1303 3116 Te·

175 3170 264 3230 nore,
286 3148 373 3233 quod
396 3171 433 3213 ex
452 3147 579 3214 duobus
595 3149 688 3214 libris
711 3147 923 3216 Wouwerius
940 3151 1084 3234 adnotat,
1109 3149 1303 3219 Sirmondns

174 3252 378 3337 Baretusquc
390 3251 504 3331 edunt3
517 3252 603 3318 idem
614 3253 726 3340 gallici
738 3253 944 3340 interpretes,
955 3278 1149 3341 quemqnam
1162 3267 1302 3344 ternpore

176 3355 333 3436 scribunt,
357 3355 406 3420 sic
428 3363 573 3420 vertunt:
597 3357 681 3421 celui
703 3358 759 3444 qui
783 3358 864 3423 etsit
886 3359 916 3424 le
939 3360 1061 3425 second
1084 3384 1145 3446 par
1161 3383 1222 3426 son
1238 3385 1302 3427 em·

174 3459 254 3545 ploi,
282 3458 363 3523 etait
390 3458 421 3522 le
449 3460 589 3545 premier
618 3485 678 3547 par
706 3462 825 3527 l'ordre
848 3463 905 3527 des
929 3463 1106 3528 iaisceaux.
1151 3465 1300 3553 Mignius

175 3575 314 3648 ternpore
338 3561 463 3644 scribit,
487 3573 596 3628 tenore
619 3565 653 3628 in
676 3565 887 3630 adnotatione
910 3576 1150 3633 commemorat.

274 3873 338 3959 Ep.
358 3874 387 3938 V
409 3875 448 3938 10
465 3877 568 3960 (313).
603 3873 644 3940 Si
666 3877 744 3961 qnid
767 3880 895 3940 omnino
924 3877 1135 3964 Prapmetins
1157 3884 1300 3946 illustris

172 3977 277 4058 bene,
312 3977 370 4041 boo
398 3981 485 4042 inter
509 3983 651 4067 reliquas
675 3983 778 4043 animi
800 3985 937 4046 uirtutes
961 3986 1078 4068 optime
1092 3987 1192 4068 facit,
1215 3986 1300 4070 qnod

170 4101 279 4143 amore
308 4083 490 4146 studiorum
514 4096 542 4146 te
566 4086 783 4170 sinpnloriter
807 4099 904 4164 amat,
929 4087 965 4150 in
988 4110 1047 4172 qno
1071 4090 1137 4152 solo
1161 4092 1210 4153 ael
1232 4113 1299 4154 rna-

170 4186 254 4248 airne
277 4189 421 4250 annnam
443 4187 586 4251 advortit
614 4192 732 4252 ceteris
761 4191 904 4274 peritiae
928 4190 1179 4279 dilipentiaeque
1203 4198 1298 4260 resti-

171 4289 246 4355 tisse
269 4293 416 4376 'oestipia
462 4290 513 4354 Et
536 4292 689 4380 quidem
712 4316 775 4356 non
797 4297 924 4359 iniuria
948 4295 1010 4359 tibi
1023 4296 1143 4381 fautor
1166 4311 1221 4364 est.
