3172 4908
1251 259 1270 322 9

186 439 341 524 placebit,
373 443 527 527 quonism
561 444 731 528 compellat
758 452 792 508 et
819 456 963 529 eupsetet
986 465 1052 508 non
1075 444 1189 510 eodem
1212 444 1314 510 modo

189 553 265 608 sunt
285 546 397 630 posita
420 554 515 630 atque
539 549 676 632 collinit,
701 548 849 632 inspicit,
872 549 984 627 coluit,
1007 551 1121 612 mittit.

291 837 353 923 Ep.
377 838 396 902 Ι
418 839 437 901 2
462 837 563 924 (179).
611 835 710 902 Circo
741 861 860 903 nonore
894 840 1092 904 recrudescit
1126 841 1224 905 moles
1251 842 1315 906 illo

188 941 362 1026 repnondi.
406 939 552 1005 Redeunt
579 943 759 1027 pulsantes,
788 943 952 1008 redeunt
987 943 1214 1024 submouentes,
1241 942 1314 1008 uhi-

189 1065 246 1128 que
270 1045 434 1131 lit-ipiosus
448 1047 569 1131 fremit
592 1046 742 1110 ambitus.

293 1145 337 1211 lt.
381 1146 455 1232 Ego
489 1147 624 1212 redeunt
650 1150 835 1235 pulsantes,
874 1150 1061 1214 recedunt
1101 1149 1319 1214 suhnsouentes

191 1249 395 1334 scripserim
424 1251 575 1315 recedunt
598 1257 734 1337 propter
755 1273 794 1316 cu
815 1274 898 1336 quae
921 1261 1099 1337 sequuntur
1122 1252 1244 1337 requiri
1268 1252 1320 1315 vi-

97 1361 98 1369 ’
190 1352 295 1434 detur,
318 1353 382 1416 nisi
406 1352 491 1417 forte
513 1353 658 1435 lictores,
680 1355 736 1438 qui
759 1353 952 1420 submovere
974 1355 1040 1420 dici
1064 1354 1183 1436 solent,
1206 1377 1317 1441 regent

192 1452 377 1520 Gothorum
399 1455 553 1521 habuisse
575 1464 683 1542 putes.
727 1457 801 1544 Ego
825 1459 980 1523 ostiarios
1010 1459 1228 1542 custodesque
1250 1456 1321 1522 dio-

191 1567 244 1622 tos
261 1558 386 1637 mulim;
409 1559 469 1642 cfr,
493 1559 521 1623 si
545 1561 627 1624 tanti
645 1569 704 1641 est,
729 1556 845 1625 Senes.
869 1560 945 1625 dial.
969 1561 1001 1626 V
1024 1561 1065 1626 de
1087 1562 1126 1625 ir.
1149 1561 1207 1626 III
1230 1563 1269 1626 37
1290 1563 1322 1640 ‘2,

191 1667 315 1727 iratum
337 1663 452 1727 uidisti
475 1666 612 1727 enricum
640 1675 728 1728 tuune
756 1667 894 1728 ostiario
919 1665 1078 1729 causidici
1101 1667 1239 1729 alicuius
1263 1678 1320 1728 out

192 1767 316 1845 divitie,
341 1767 423 1854 qnod
446 1770 624 1830 intrantem
647 1779 871 1834 summoverat.
1380 1754 1382 1758 Ι

294 2077 357 2164 Ep.
381 2077 399 2141 1
423 2079 441 2140 2
468 2079 568 2164 (179).
605 2075 683 2144 Cerne
706 2084 896 2160 surrererit,
918 2080 1080 2144 inchoat
1104 2092 1322 2146 nocturnus

194 2183 325 2244 aulica
357 2203 456 2264 qaeu
485 2182 696 2246 custodias.
742 2181 877 2248 Armati
900 2184 1010 2269 reqiae
1032 2179 1151 2248 domus
1167 2183 1323 2250 aditibus

193 2282 402 2364 adsistunt,
426 2285 540 2368 quihus
564 2284 662 2349 horae
680 2289 788 2370 prinei
815 2289 942 2371 soporis
969 2287 1206 2372 oipilahuntur.
1254 2288 1321 2352 Sed

191 2390 259 2450 iarn
282 2386 360 2474 quid
382 2409 468 2451 ruens
484 2388 573 2453 istud
590 2388 632 2452 ad
652 2391 843 2476 pertenenti
860 2389 925 2453 tibi
940 2391 1119 2454 indicando
1137 2411 1200 2453 non
1220 2392 1324 2456 multo

141 2517 143 2522 ·
193 2493 230 2554 de
253 2510 364 2575 repno,
387 2491 441 2556 sed
459 2513 567 2575 pauca
589 2492 627 2556 de
648 2512 725 2578 repe
742 2494 894 2577 promisi.
929 2491 1037 2558 Simul
1059 2504 1089 2556 et
1113 2495 1208 2558 stilo
1224 2493 1325 2576 finoni

187 2595 267 2676 fieri
299 2595 497 2680 deestquid
531 2606 566 2659 et
602 2607 636 2660 tu
670 2615 857 2681 coquoscere
885 2600 1038 2660 cirinen
1066 2599 1206 2682 anspliue
1229 2619 1324 2684 quarn

194 2699 304 2763 studia
328 2717 560 2785 personamque
587 2700 730 2779 uoluisti,
753 2710 783 2762 et
809 2719 866 2786 epo
890 2721 954 2762 non
977 2699 1160 2776 historiens,
1183 2700 1237 2764 sed
1260 2703 1327 2786 epi-

199 2804 318 2868 stulam
340 2803 461 2888 rrsficne
486 2806 608 2866 curaui.

297 2905 343 2972 20.
386 2903 496 2971 Huius
530 2906 596 2970 loci
630 2904 818 2968 difficultati
851 2905 898 2968 ito
930 2903 1099 2969 medentur
1128 2905 1324 2990 interpretes

196 3009 307 3096 gallici
341 3017 373 3072 et
394 3008 545 3090 Berothe,
568 3016 604 3072 ut
627 3009 767 3073 aulicum
788 3029 904 3092 paeane
937 3007 1092 3072 custodes
1121 3031 1222 3096 gazae
1250 3027 1325 3071 esse

127 3135 131 3144 ’
197 3113 319 3195 dicant,
352 3120 479 3178 veteres
512 3110 655 3177 editores
689 3111 745 3192 ito,
768 3119 804 3174 ut
832 3132 907 3174 ceso
935 3110 1142 3176 scribendum
1170 3119 1327 3176 censeant

197 3216 294 3302 idque
316 3216 563 3296 excubitoriutn,
587 3214 701 3280 cellam
723 3214 775 3278 vel
803 3213 1005 3278 mansionem
1027 3214 1251 3281 excubitorum
1274 3212 1324 3276 in-

197 3327 426 3406 terpretentur.
472 3315 667 3382 Sirmondus
690 3316 772 3381 nihil
796 3316 941 3382 adnotet.
985 3315 1072 3382 Mihi
1098 3339 1170 3382 cum
1188 3325 1326 3399 utraque

199 3423 376 3509 explicatio
399 3421 584 3508 displicent,
597 3429 743 3486 neutram
765 3419 925 3506 exemplis
948 3420 1082 3507 probari
1100 3440 1201 3505 posse
1217 3417 1331 3482 existi-

198 3528 310 3609 manti,
335 3527 382 3592 sio
406 3524 614 3591 scribendum
634 3523 779 3589 videtur:
804 3524 936 3589 inchoat
955 3535 1130 3590 nocturnus
1153 3525 1194 3585 in
1219 3524 1329 3587 aulico

198 3653 280 3715 poen
305 3628 466 3694 custodies
493 3635 589 3712 atque
612 3627 744 3693 inchoat
771 3627 818 3691 ita
840 3627 908 3692 fere
931 3627 1054 3692 dictum
1081 3635 1118 3690 ut
1139 3625 1226 3689 Plin.
1251 3625 1328 3688 hist.

200 3741 266 3798 nat.
289 3731 345 3796 XI
371 3735 409 3799 16
426 3733 557 3818 (16),51
584 3751 675 3816 repes
692 3734 807 3818 plures
830 3731 971 3817 (opium)
988 3731 1186 3794 inchoantur
1209 3750 1246 3791 ne
1275 3729 1328 3792 de-

201 3841 276 3900 sint.
322 3835 392 3901 ch
417 3833 586 3900 custodies
611 3834 682 3920 ipse
705 3834 798 3918 quasi
821 3833 978 3898 initiavit.

303 3938 349 4004 21.
394 3939 568 4003 Adsistunt
591 3959 629 4002 ex
652 3936 685 4000 A
708 3936 842 4022 scripsi,
865 3959 930 4000 non
954 3939 1120 4002 assistunt.

303 4041 351 4106 22.
396 4038 483 4106 Stilo
507 4063 547 4104 ex
570 4039 690 4105 AHF
714 4039 845 4125 scripsi,
868 4061 933 4103 non
957 4041 1052 4127 stylo.

304 4145 351 4211 22.
396 4143 481 4226 Quia
503 4157 543 4209 ut
568 4155 601 4209 tu
622 4141 763 4207 Baretus
787 4140 877 4206 solus
900 4140 1019 4222 edidit3
1043 4155 1072 4208 et
1095 4165 1132 4206 ex
1151 4141 1260 4208 ΑΗΒ
1277 4140 1334 4206 ud-

202 4249 326 4314 notoni.
