3172 4908
1243 270 1283 320 XI

194 463 305 516 ocatur
335 451 386 514 tui
407 449 569 537 [maneres
602 450 733 513 iadrdta
756 459 786 510 ot
810 449 897 510 iuter
922 456 1028 510 tantos
1051 454 1155 509 motas
1176 445 1325 529 portium

186 554 408 642 factiosorum
443 552 643 616 laborantem
677 573 724 616 mo
752 551 1024 636 fluctuantemque
1053 549 1189 612 coasilio
1214 547 1327 628 confir·
1410 561 1419 578 ·

195 678 270 737 mos,
295 657 429 741 colloqo'o
452 655 639 742 informes]
662 677 755 719 ornos
779 654 997 732 contubernio,
1023 653 1138 717 tatoris
1161 652 1294 714 auritio.

299 753 444 825 Codices
478 767 592 824 nostra
626 766 733 824 aetate
757 783 775 822 a
797 757 879 822 viris
914 755 1022 822 doctis
1056 761 1327 820 commemoratos

196 862 247 926 vel
270 861 377 926 dicam
411 884 524 926 omues
558 861 626 926 fere
660 860 793 926 codices
818 856 1030 939 Sidonianos,
1053 864 1090 921 ut
1118 858 1183 921 iam
1207 855 1247 920 ad
1270 878 1328 921 eos

198 963 420 1030 aestimandos
454 973 550 1048 atque
583 963 668 1028 iuter
696 985 731 1028 se
753 961 993 1049 comparandos
1028 969 1201 1040 transeam,
1230 957 1328 1024 facile

197 1069 230 1132 in
252 1067 377 1132 classes
393 1066 536 1133 describi
554 1088 653 1153 posse
670 1067 821 1134 arbitror.
838 1065 936 1147 Nam,
952 1065 981 1130 si
996 1063 1215 1150 paucissimos
1231 1083 1329 1147 quos·
1388 1119 1391 1128 .

199 1170 273 1234 dam
296 1179 473 1249 eteorum,
500 1169 556 1254 qui
584 1169 780 1234 vetustiores
804 1191 908 1253 neque
930 1175 1038 1232 tamen
1068 1165 1233 1232 veterrimi
1255 1187 1329 1232 esse

199 1273 361 1353 dicuutur,
384 1281 420 1336 ut
452 1272 661 1338 Matritensis
690 1278 724 1338 et
745 1269 788 1354 O,
810 1271 865 1355 qui
888 1270 1056 1336 mutilatus
1079 1277 1139 1352 est,
1162 1275 1197 1332 et
1218 1291 1330 1334 recen·

200 1377 401 1440 tissimorum
434 1376 592 1463 excipias,
621 1398 694 1440 oum
728 1398 824 1441 nemo
857 1373 1033 1460 quidquam
1067 1372 1139 1438 sola
1172 1373 1241 1436 sive
1275 1371 1332 1436 ho·
1429 1368 1442 1385 '

202 1502 272 1544 rum
296 1479 366 1543 sive
388 1478 520 1543 illorum
547 1479 744 1544 auctoritate
773 1479 864 1543 nisus
899 1475 1129 1558 emendaverit,
1152 1476 1204 1541 vel
1227 1498 1264 1540 ex
1289 1475 1331 1540 iis

200 1604 283 1666 quae
315 1581 380 1645 iam
413 1581 551 1666 exposui
585 1581 682 1646 facile
715 1590 854 1667 apparet
887 1581 950 1645 iam
978 1588 1052 1645 anta
1079 1578 1241 1645 decimum
1263 1601 1333 1645 sae·

201 1683 309 1750 culum
342 1682 508 1770 duplicem
542 1684 645 1748 fuisse
673 1683 906 1770 exemplarium
941 1682 1094 1770 speciem,
1117 1681 1250 1747 alteram
1284 1682 1333 1747 iu·

202 1795 337 1873 tegram,
377 1785 512 1851 alteram
551 1808 699 1852 mancam
737 1788 784 1851 ita
823 1794 859 1850 ut
892 1785 1064 1872 archetypi
1101 1783 1332 1868 quaterniones

202 1890 272 1954 sive
306 1889 455 1975 primum,
495 1889 564 1955 sive
603 1888 729 1954 medios
771 1889 941 1974 quosdam,
976 1888 1045 1953 sive
1084 1887 1229 1969 ultimos,
1263 1888 1333 1952 sive

203 1991 263 2056 hos
287 2014 399 2057 omnes
422 2015 489 2056 non
511 1991 697 2078 exscriptos
720 1991 865 2074 haberat,
887 2014 954 2057 uon
977 1991 1125 2078 integros
1149 1998 1256 2056 autem
1279 2015 1334 2056 co·

203 2094 293 2161 dices
326 2094 361 2158 in
395 2116 494 2159 uuum
527 2093 653 2160 redisse
687 2093 864 2181 exemplar,
898 2095 932 2160 in
966 2116 1030 2179 quo
1062 2093 1332 2178 quaternionibus

203 2197 360 2262 detractis
392 2196 548 2282 foliisque
578 2197 794 2283 transpositis
828 2196 930 2261 multa
963 2197 997 2261 in
1020 2203 1113 2260 sexto
1137 2203 1171 2260 et
1193 2195 1333 2282 septimo

204 2300 297 2366 libris
321 2299 451 2364 turbata
473 2307 584 2364 esseut
605 2337 647 2350 -
670 2322 745 2364 uam
769 2299 810 2364 de
834 2299 908 2364 aliis
930 2299 1058 2364 lacunis
1081 2297 1164 2362 nihil
1187 2297 1333 2364 adfirmo.

204 2402 256 2467 Ex
278 2400 400 2488 prioris
425 2402 546 2488 speciei
578 2401 673 2468 libris
707 2403 910 2490 paucissimi,
932 2402 989 2488 qui
1018 2401 1148 2487 quidem
1172 2423 1259 2468 nuno
1281 2425 1335 2468 ex·

206 2513 305 2587 stant,
336 2504 488 2569 videntur
510 2505 655 2588 fluxisse,
678 2505 785 2590 qualis
809 2514 862 2571 cst
887 2506 919 2569 A
943 2504 1057 2587 codex,
1079 2527 1120 2569 ex
1142 2503 1336 2589 posterioris

205 2607 296 2673 multi
322 2630 360 2672 ao
383 2607 514 2694 plurimi
536 2608 593 2691 qui
614 2631 701 2674 nunc
723 2616 865 2691 exstant,
887 2608 1005 2673 lacuna
1027 2608 1062 2673 in
1080 2606 1154 2671 aliis
1177 2618 1338 2688 manente,

205 2712 240 2775 iu
263 2710 337 2775 aliis
361 2734 401 2775 ex
422 2710 550 2796 integro
583 2709 725 2794 quodam
759 2710 873 2776 codice
907 2709 1052 2796 expleta3
1085 2710 1176 2774 illius
1204 2710 1337 2798 generis

206 2813 388 2899 exemplum
412 2811 543 2877 codices
567 2814 643 2879 Vet
663 2813 698 2878 N
720 2812 888 2899 praebent,
900 2813 997 2878 huius
1013 2812 1049 2878 H
1068 2823 1101 2878 et
1113 2813 1151 2894 F,
1163 2813 1219 2898 qui
1237 2812 1337 2900 paulo

208 2916 407 2982 recentiores
431 2924 517 2981 sunt.

312 3019 396 3084 Post
418 3018 622 3084 undecimum
646 3019 811 3085 saeculum
833 3020 969 3086 mixtum
985 3019 1067 3085 illud
1085 3042 1187 3107 genus
1206 3045 1225 3086 a
1243 3019 1341 3086 libra·

209 3123 267 3188 riis
296 3122 427 3208 saepius
456 3122 617 3188 redditum
650 3145 722 3188 esse
751 3122 927 3188 verisimile
953 3131 1014 3205 est,
1047 3122 1146 3207 idque
1178 3123 1212 3188 iu
1245 3123 1273 3188 P
1306 3131 1340 3188 et

210 3226 316 3290 Paris.
340 3227 514 3309 9551,qui
536 3248 597 3313 pro
620 3226 758 3314 integris
788 3226 957 3312 habentur,
986 3226 1109 3292 factum
1137 3247 1212 3292 esse
1235 3226 1342 3312 suspi-

211 3353 277 3395 cor.
322 3328 439 3413 Neque
462 3329 547 3394 euim
570 3327 604 3393 hi
626 3329 785 3394 lectiones
808 3329 877 3393 ullo
911 3327 1008 3394 modo
1042 3328 1204 3416 insignes,
1228 3345 1265 3392 ut
1297 3329 1343 3392 ita

211 3433 328 3514 dicam,
352 3432 503 3497 videntur
525 3432 695 3510 exhibere3
729 3455 793 3516 qua
820 3432 860 3497 de
883 3455 918 3496 re
942 3430 1140 3496 conferenda
1163 3440 1240 3496 sunt
1260 3454 1343 3515 quae

212 3537 280 3602 suis
303 3536 387 3601 locis
411 3535 517 3616 attuli,
544 3535 730 3600 9192191.
755 3535 817 3601 119.
842 3535 904 3601 199.
927 3535 992 3601 219.
1014 3533 1079 3600 219.
1101 3534 1165 3599 299.
1188 3535 1252 3601 919.
1276 3535 1343 3602 999.

212 3640 282 3721 9915
304 3640 402 3704 immo
422 3638 601 3703 deteriores
625 3660 659 3702 se
684 3661 747 3703 uon
773 3638 872 3702 semel
894 3637 1063 3724 praebent,
1076 3645 1112 3701 ut
1127 3637 1172 3703 99.
1189 3638 1253 3703 288.
1273 3639 1337 3704 919.

212 3744 276 3808 918.
298 3743 363 3807 982.
386 3741 450 3821 999,
473 3749 529 3805 aut
551 3742 636 3806 inter
659 3763 694 3805 se
717 3741 927 3822 dissentiunt,
950 3749 986 3804 ut
1007 3741 1052 3806 89.
1074 3739 1139 3806 299.
1162 3741 1227 3806 919.

317 3842 383 3910 Sed
406 3843 475 3908 dixi
498 3843 538 3908 ad
562 3844 791 3910 nonnullorum
809 3844 958 3910 codicum
976 3867 1041 3908 uon
1053 3844 1255 3930 integrorum
1270 3865 1344 3930 spe-

213 3949 295 4014 eiem
319 3947 586 4013 conformandam
602 3948 738 4012 multum
754 3948 898 4014 valuisse
913 3947 1033 4034 integri
1053 3947 1225 4034 archetypi
1237 3971 1342 4030 ustuu,

214 4061 247 4118 et
270 4050 432 4116 adduntur
465 4074 530 4114 nou
563 4074 639 4115 raro
673 4051 706 4115 in
735 4051 776 4115 iis
799 4052 910 4116 variae
932 4050 1103 4116 lectiones.
1149 4051 1272 4116 Verum
1306 4077 1345 4118 ue

215 4156 266 4220 his
288 4153 418 4238 quidem
452 4154 602 4241 vestigiis
626 4153 667 4219 ad
690 4153 837 4219 codicem
865 4154 1092 4219 vetustissimo
1122 4156 1155 4220 A
1184 4156 1346 4240 antiquio·

215 4281 283 4323 rem
313 4257 521 4323 melioremve
554 4258 629 4323 duci
662 4257 823 4338 videmur3
857 4258 909 4324 cui
944 4257 972 4323 si
1005 4259 1136 4343 quaudo
1166 4259 1200 4324 iu
1223 4258 1345 4325 talibus
