3172 4908
323 225 364 288 22

279 435 348 478 ves.
393 413 462 478 Aut
483 414 556 500 ipse
579 413 677 478 fallor
700 422 756 478 aot
784 413 863 479 haec
892 415 964 480 sole
985 415 1166 500 probabilis
1190 423 1241 478 est
1262 414 1406 500 explice-

280 516 343 580 tio:
377 517 447 582 fore
480 525 517 581 ut
549 515 727 582 adversarii
755 539 819 602 quo
847 516 989 599 facilius,
1018 541 1090 584 cnm
1112 519 1305 583 Arvandum
1328 541 1406 583 con-

280 619 442 684 fessurum
476 642 549 684 esse
582 621 761 703 crederent,
789 627 823 684 et
844 619 918 684 aliis
941 629 974 685 et
997 621 1058 686 sibi
1082 621 1166 707 ipsis
1190 643 1257 684 rem
1286 628 1406 686 certam

280 744 352 788 esse
374 721 619 808 persuaderent,
643 745 682 788 eo
705 723 884 788 maioribus
909 724 1118 788 afficerentur
1139 723 1311 804 molestiis
1334 745 1404 787 cum

279 833 410 911 praeter
433 825 622 912 opinionem
645 826 850 890 infitiaretur.

380 1134 444 1220 Ep.
468 1133 487 1198 I
509 1134 527 1195 7
551 1134 656 1220 (192).
701 1132 794 1197 luter
817 1135 893 1199 laec
915 1157 988 1200 reus
1013 1146 1123 1199 noster
1146 1157 1256 1199 aream
1276 1136 1406 1220 Capito-

279 1241 381 1303 linam
391 1257 589 1323 percurrere
608 1237 754 1302 albatus:
772 1238 865 1302 modo
884 1239 1027 1303 subdolis
1045 1239 1294 1303 salutationibus
1304 1242 1406 1323 pasci,

278 1342 371 1406 modo
386 1352 552 1425 crepantes
570 1341 796 1406 adulationum
812 1341 916 1406 bullas
932 1354 974 1406 ut
996 1363 1280 1426 recopncsceus
1308 1343 1406 1406 libea-

280 1457 330 1509 ter
353 1444 479 1525 audire,
502 1445 595 1508 modo
618 1448 723 1508 serica
746 1456 776 1508 et
798 1467 939 1530 ponemus
957 1456 988 1509 et
1012 1448 1160 1529 pretioso
1178 1466 1315 1532 quaeque
1340 1457 1407 1506 tra·

275 1551 457 1635 penitorum
491 1550 663 1613 involucra
695 1551 817 1612 rimari
844 1560 873 1612 et
902 1553 996 1634 quasi
1023 1560 1225 1612 mercaturus
1248 1551 1407 1632 inspicere

274 1673 470 1738 prensare
493 1653 726 1737 depretiare
750 1652 915 1716 deuoluere
940 1663 969 1716 et
988 1654 1076 1714 iuter
1093 1653 1250 1736 apendum
1273 1653 1407 1715 inultum

279 1755 317 1819 de
352 1755 485 1839 lepidus,
519 1755 557 1819 de
592 1755 798 1838 temporibus,
835 1756 873 1819 de
907 1765 1029 1833 senatu,
1064 1755 1101 1818 de
1124 1757 1276 1840 principe
1306 1755 1407 1838 queri,

280 1858 363 1944 quod
376 1880 406 1922 se
429 1878 504 1921 non
521 1860 619 1943 prius
634 1880 728 1944 quam
741 1859 939 1922 discuterent
956 1861 1198 1923 ulciscerentur.
1224 1857 1331 1922 Pauci
1346 1879 1408 1920 me·
1425 1861 1429 1870 “

281 1963 332 2027 dii
355 1962 497 2028 dicerit
520 1963 561 2025 in
585 1965 875 2026 tractatorium
888 1966 1045 2049 frequens
1073 1975 1201 2026 senatus
1236 1963 1408 2046 (sicpost

282 2070 433 2151 comperi,
468 2089 543 2130 uam
575 2070 663 2130 inter
698 2068 764 2130 iste
798 2067 1035 2151 discesseram),
1061 2067 1211 2150 procedit
1233 2076 1343 2129 noster
1366 2065 1409 2128 ad

283 2173 407 2234 curiam
435 2173 537 2255 paulo
573 2182 646 2234 ante
669 2170 818 2234 detonsus
835 2171 1091 2256 pumicatusque,
1115 2191 1185 2233 cum
1208 2179 1409 2232 accusatores

281 2271 479 2358 semipullati
501 2284 594 2358 atque
619 2276 761 2376 confrati
782 2275 912 2336 nuutios
935 2295 955 2336 a
973 2273 1162 2337 decemuiris
1180 2275 1409 2357 opperirentur

282 2387 312 2440 et
336 2376 373 2440 ab
403 2375 571 2441 industrio
595 2375 738 2463 squalidi
755 2379 1019 2461 praeripuissent
1041 2397 1096 2439 reo
1120 2375 1260 2439 deditam
1277 2376 1411 2438 misera-

283 2479 402 2541 tionem
426 2479 481 2543 sub
512 2480 671 2543 inuidia
695 2479 949 2542 sordidatorum.
999 2475 1103 2542 Citati
1128 2479 1410 2542 intromittuntur.-

278 2591 403 2667 partes,
425 2592 462 2645 ut
488 2585 589 2646 moris
614 2594 669 2660 est,
699 2604 713 2646 e
742 2585 873 2667 repioue
905 2583 1092 2646 consistunt.
1139 2578 1283 2669 Offertur
1311 2601 1411 2665 prae-

273 2685 431 2770 fectoriis
465 2696 538 2748 aute
570 2687 808 2771 propositionis
832 2686 998 2749 scordium
1021 2687 1071 2748 ius
1095 2684 1235 2748 sedendi.
1279 2684 1411 2748 Aroan-

283 2789 341 2852 dus
375 2792 443 2851 iam
478 2799 552 2852 tunc
586 2789 714 2873 infelici
747 2789 948 2874 impudentia
982 2791 1105 2852 concito
1139 2787 1268 2872 prada
1294 2787 1411 2849 ¹mediis

278 2914 381 2977 prope
409 2893 552 2956 iudicum
580 2892 702 2956 sinibus
725 2895 901 2978 inpetitur.
948 2891 1119 2956 Ferreolus
1148 2891 1412 2954 circumsistenti-

284 2995 339 3058 bus
375 2995 480 3058 latera
515 2998 645 3080 collepis
673 2997 847 3060 uerecunde
871 3019 908 3060 ao
932 2997 1077 3060 leuiter
1099 2998 1222 3057 inimo
1247 2994 1411 3057 subsellio-

287 3120 358 3160 rum
383 3102 487 3184 capite
517 3101 669 3180 consedit,
693 3103 743 3162 ita
765 3113 801 3162 ut
823 3101 929 3163 minus
954 3101 1094 3184 lepatsrm
1116 3119 1148 3162 se
1171 3121 1266 3183 quam
1288 3109 1412 3160 serrato·

284 3223 352 3264 rem
376 3203 651 3278 reminisceretur,
670 3204 746 3286 plus
771 3201 807 3264 ob
832 3201 890 3264 leo‘c
908 3214 1024 3287 postea
1048 3200 1196 3264 laudatus
1220 3199 1409 3262 honoratus·

285 3325 352 3389 que.
398 3303 497 3367 Dum
531 3303 632 3383 leaeo,
666 3314 696 3367 et
731 3306 786 3390 qui
813 3325 988 3389 procerum
1022 3303 1193 3389 defuerant
1226 3302 1410 3388 adfuerunt.

288 3407 495 3492 Con-surpunt
511 3419 626 3492 partes
651 3410 809 3492 lepotique
828 3419 1026 3494 proponunt.
1066 3407 1221 3492 Epistula
1237 3416 1314 3490 post
1334 3427 1412 3489 pro·

287 3513 425 3577 'uinciole
458 3513 656 3590 renudatum,
682 3513 771 3576 cuius
800 3534 900 3596 supra
933 3514 1052 3574 mentio
1078 3510 1208 3596 facto,
1226 3509 1411 3592 profertur,-

287 3629 380 3699 atque
404 3637 472 3680 curn
497 3618 612 3678 sensim
636 3596 842 3694 recitaretur,
865 3613 1041 3678 Arvandus
1069 3612 1200 3675 necdum
1228 3613 1412 3694 interrupe-

288 3730 337 3783 tus
361 3740 391 3782 se
416 3718 555 3782 dictasse
572 3721 768 3804 proclamat.
814 3717 1018 3802 Respondere
1048 3717 1158 3800 lopati,
1188 3734 1412 3798 quamquam

287 3822 399 3886 ualde
433 3825 616 3908 nequiter
651 3833 861 3899 constaret,
886 3821 969 3905 quod
992 3821 1059 3904 ipse
1082 3819 1245 3882 dictasset.
1290 3817 1336 3878 At
1357 3816 1413 3880 ubi

289 3948 318 3990 se
334 3925 453 4009 furens
477 3928 533 3990 ille
557 3936 769 4011 quantumque
793 3924 922 3988 coderet
945 3926 1082 4008 ipnarus
1117 3921 1175 3984 bis
1205 3933 1337 4006 terque
1360 3942 1411 3980 re-

282 4031 391 4115 petitu
426 4031 622 4114 confessione
651 4027 841 4116 transfodit,
870 4027 1069 4091 acclamatur
1099 4025 1136 4088 ab
1162 4022 1412 4100 accusatoribus,

289 4135 541 4197 conclamatura
559 4132 721 4198 iudicibus
745 4154 850 4196 reum
874 4153 909 4194 se
932 4131 1162 4193 maiestatis
1187 4130 1313 4191 laesae
1332 4145 1413 4188 cou-

279 4237 470 4322 fitenlern
494 4240 634 4300 teneri.
669 4237 722 4300 Ad
746 4235 803 4298 lsoc
826 4247 855 4298 et
879 4233 1009 4298 milibus
1024 4234 1249 4318 ferendarum
1271 4231 1355 4293 iuris
1377 4229 1413 4294 id
