3186 4900
312 269 373 338 106

269 457 331 522 dac
353 457 517 523 Erciliam
541 456 670 524 habent.
710 457 872 544 Apparet,
895 458 928 522 ni
952 457 1059 540 fallor,
1082 459 1115 523 in
1140 459 1318 548 archetypo
1343 460 1401 523 ali-

270 559 348 644 quid
371 557 456 626 inler
478 561 540 626 dee
562 567 595 626 et
617 583 734 626 nomen
757 561 927 647 proprium
949 562 1063 643 fuisse,
1085 561 1173 646 quod
1190 563 1402 628 obscuratum

272 663 304 726 in
327 662 371 746 V,
393 672 431 729 ut
450 663 543 730 fieret
565 665 694 744 darual,
717 686 778 750 pro
801 676 860 728 cml
882 663 1097 750 acciperetur,
1119 666 1153 730 in
1177 667 1304 748 ceteris,
1329 688 1402 731 curn

274 788 338 831 non
361 765 560 832 intellectum
583 776 681 849 esset,
704 775 760 831 aut
783 775 862 853 post
884 767 1081 848 eraderetur,
1105 776 1161 832 eut
1180 769 1291 833 statim
1308 769 1405 832 omit-

273 877 410 948 teretur3
443 868 524 935 illud
558 869 643 934 enim
677 871 711 934 in
739 870 783 951 H,
812 870 875 935 hoe
902 872 936 935 in
958 869 1072 936 ΑΒΖ
1100 871 1223 936 factum
1251 870 1404 935 vidimus.

275 971 348 1059 ligo
382 973 490 1038 ducito
527 973 686 1037 Celeriam
720 972 813 1054 illud,
845 973 934 1058 quod
962 973 1062 1038 habet
1082 971 1304 1055 Wouwcrius,
1338 996 1406 1037 non

276 1074 347 1140 sine
387 1073 513 1140 codicis
546 1098 609 1161 ope
647 1077 832 1140 coniectum
870 1097 943 1141 esse
982 1077 1172 1163 suspicans,
1211 1076 1406 1163 praesertim

277 1201 349 1244 curn
375 1175 536 1244 Galeriam
559 1178 593 1242 in
616 1178 766 1245 omnibus
790 1178 884 1244 libris
901 1179 1072 1264 impressis
1090 1201 1163 1246 esse
1181 1180 1245 1244 iem
1265 1173 1407 1244 Oolvius

276 1280 376 1361 dicet,
410 1289 489 1367 puto
525 1281 732 1346 scribendum
767 1303 840 1346 esse
868 1283 929 1347 dea
963 1287 1026 1346 cito
1061 1283 1235 1363 Raciliam,
1268 1305 1306 1346 ex
1341 1304 1407 1365 quo

279 1385 432 1450 lircillirne
456 1384 587 1471 longius
609 1409 629 1448 a
651 1384 744 1449 laeva
767 1393 859 1471 parte
882 1385 980 1452 ducta
1004 1398 1017 1448 t
1040 1385 1169 1450 litterae
1191 1385 1279 1448 linea
1301 1393 1409 1448 trans-

278 1487 397 1552 vcrscli
426 1487 546 1552 ilicium
570 1495 621 1553 est
643 1489 926 1568 dacrltoraclliam,
961 1487 1078 1553 deinde
1106 1489 1410 1568 daemmlerace'liam,

280 1599 444 1678 postremo
479 1591 758 1656 daerentercile'am.
804 1592 847 1656 Et
877 1593 975 1657 verbo
1009 1595 1158 1656 celeriter
1180 1591 1284 1655 eidem
1311 1614 1410 1676 quam

280 1693 405 1758 conieci
436 1692 569 1758 lectioni
600 1695 825 1780 superscripto
859 1695 945 1758 effici
969 1695 1077 1780 patuit
1099 1695 1207 1758 clarite
1238 1691 1410 1757 Galeriam.

283 1797 330 1862 lix
358 1795 386 1860 U
411 1795 543 1862 Marius
566 1805 684 1862 reiraat
707 1799 827 1862 ercilia'
847 1796 1026 1861 adnotavit.

387 2107 448 2193 Ep.
472 2105 563 2173 VIII
591 2109 624 2170 ll
651 2127 749 2170 cerm.
772 2127 856 2170 vers.
883 2109 922 2170 18
945 2128 1012 2190 seq.
1036 2107 1140 2190 (430).

489 2257 559 2324 llec
577 2263 697 2347 permia
721 2258 834 2325 labile
856 2281 958 2324 ineram
980 2273 1134 2324 memmio

492 2363 655 2450 Orplmm
677 2365 790 2444 virere,
814 2366 870 2449 pai
892 2363 1058 2427 cotidiana

488 2489 567 2530 rara
590 2478 620 2530 el
643 2465 764 2532 robora
788 2487 979 2554 corneasque
994 2465 1101 2548 fibrae

487 2573 593 2636 rnallit
616 2569 801 2656 dulciloqua
824 2590 961 2633 carrarias
982 2583 1066 2649 ame,

490 2677 636 2760 Arpinas
658 2673 752 2737 medo
776 2693 886 2758 quam
910 2683 1039 2736 temerate
1064 2675 1176 2758 liupila

489 2777 611 2856 ditat,
634 2797 718 2840 mirare
740 2777 834 2840 elilim
857 2787 913 2839 cat
937 2775 1152 2839 Maronianae

489 2891 546 2946 aut
568 2899 629 2966 qao
653 2889 687 2942 ta
710 2877 844 2942 Latiam
867 2879 951 2959 beas,
975 2875 1108 2954 Horati,

489 2985 610 3050 Alcaeo
632 2983 774 3046 melior
797 2983 963 3067 lyristes
987 2983 1068 3067 ipro.

386 3141 452 3208 800.
497 3139 603 3221 Quam
624 3159 663 3202 ex
687 3134 847 3201 AHRZ
871 3135 1003 3221 scripsi,
1025 3135 1058 3198 id
1079 3135 1111 3198 iu
1130 3135 1162 3198 V
1178 3155 1307 3218 quoque
1324 3157 1416 3218 repe·

285 3247 378 3326 ritur,
399 3264 592 3329 qumuqrmm
613 3239 703 3326 prius
723 3238 784 3302 suit
800 3259 902 3324 querar,
917 3239 1005 3322 quod
1022 3259 1060 3300 ex
1074 3237 1106 3301 U
1120 3237 1256 3300 adnatat
1271 3237 1415 3300 Meuius.

288 3349 362 3415 {icc
397 3353 590 3432 receperunt
623 3339 819 3407 Sirmondus
852 3341 1068 3424 Beretusqrre,
1089 3338 1302 3405 Worrwerius
1336 3362 1417 3424 puae

287 3451 443 3538 reposuit.
488 3447 593 3528 Quem
617 3444 650 3509 II
674 3443 801 3509 codicis
825 3444 970 3529 scriptor
990 3443 1103 3508 addito
1127 3457 1231 3506 artem
1253 3451 1340 3506 recte
1363 3465 1418 3505 ex-

285 3553 432 3642 plicrrit.

387 3656 453 3722 iit
486 3653 584 3720 Ditct
601 3675 641 3719 ex
658 3653 691 3717 Α
703 3649 736 3716 Η
749 3649 780 3716 R
792 3649 818 3714 Z
830 3647 862 3714 [¹
882 3649 1013 3736 scripsi,
1030 3649 1063 3712 in
1075 3648 1108 3714 Υ
1120 3659 1171 3714 est
1187 3649 1302 3728 dietat,
1318 3647 1418 3730 quad,

289 3760 438 3848 qrrmrrris
462 3779 559 3826 sensu
582 3765 704 3829 careret,
732 3749 859 3818 Seram
881 3751 1209 3836 Elmerrlrorstiusque
1230 3751 1418 3825 admittunt,

289 3861 499 3930 il'cuvrcrius
520 3859 647 3933 melius,
668 3857 818 3944 qrmmris
840 3878 906 3920 non
928 3855 1050 3936 verius,
1071 3853 1113 3917 ed
1135 3877 1215 3941 quae
1237 3855 1348 3918 refert.

389 3965 455 4032 iii.
499 3963 624 4029 Melior
646 3961 754 4028 estin
776 3957 980 4025 AHRZV
1003 3957 1073 4043 (ubi
1096 3967 1204 4022 temen
1227 3957 1281 4022 lric
1302 3979 1418 4020 versus

286 4067 400 4155 etqui
424 4067 589 4134 eriteredit
622 4065 736 4130 omissi
771 4061 926 4135 secunde,
952 4063 986 4124 ni
1015 4059 1122 4142 telier,
1149 4083 1256 4142 manu,
1277 4062 1311 4125 in
1334 4083 1419 4124 mar·

287 4177 364 4260 gine
386 4171 632 4238 sdserilrrnrturi
657 4167 686 4234 Γ
701 4167 734 4234 N
759 4167 865 4231 Paris.
889 4165 973 4230 rest
995 4175 1028 4228 rt
1049 4167 1147 4246 3lii,
1168 4164 1253 4228 idem
1276 4187 1315 4228 ex
1337 4163 1419 4227 duo-

289 4279 350 4342 bus
373 4275 465 4339 libris
479 4271 690 4340 chwcrius
712 4271 864 4347 reluctetg
885 4273 998 4356 polim·
1020 4269 1132 4333 nesi-ic
1157 4267 1241 4332 unde
1258 4268 1419 4352 scriptum
