3186 4900
345 255 386 318 62

303 442 462 529 scriptum
485 450 546 523 est,
569 443 603 506 in
627 443 653 506 Z
676 450 709 506 et
731 443 764 507 in
785 441 931 508 editione
952 442 1191 510 Elmenhorstii
1219 449 1433 512 continuandi

303 547 388 610 inter
421 546 520 610 verba
555 546 729 632 scriptoris
763 546 899 610 relatum
923 556 983 613 est.
1030 544 1095 613 Sed
1125 548 1207 612 nihil
1230 550 1431 614 mutandum.

305 645 462 713 Sidonius
497 658 534 713 nt
565 673 647 734 quae
682 650 780 736 paulo
815 659 889 739 ante
923 650 1064 715 dixisset
1099 654 1229 738 lenpnm
1265 657 1432 718 alitteris

305 755 492 839 temperatis
525 763 559 816 et
590 775 645 820 noe
680 757 793 818 tacetis
817 776 876 817 suo
900 778 987 818 rnore
1011 763 1180 840 repeteret,
1206 780 1225 818 n
1250 761 1433 822 continenti

304 859 430 921 silentii
450 861 620 944 preposito
644 881 716 922 cunr
740 859 940 944 scripsisset,
963 859 1009 922 ita
1031 859 1179 945 intellegi
1203 860 1322 925 voluit:
1347 886 1367 926 a
1390 867 1433 926 ri-

304 963 403 1025 lentio
427 965 626 1044 continuato,
649 963 732 1049 qnod
757 963 819 1027 tibi
838 966 1044 1048 propositum
1054 964 1138 1051 fnit.
1182 961 1306 1028 Gallici
1333 965 1433 1029 inter-

305 1071 416 1149 pretes
439 1064 488 1128 sic
510 1072 657 1128 vertunt:
687 1087 726 1129 ne
751 1073 781 1130 te
803 1065 1090 1130 determineras·tn
1120 1066 1238 1151 jamnis
1261 1073 1281 1130 ir
1303 1090 1432 1153 rompre

307 1189 343 1230 cc
366 1167 488 1232 silence
511 1167 664 1236 obstinet

407 1273 472 1337 201.
517 1274 583 1337 Ant
607 1295 718 1336 omnes
743 1271 873 1354 habent,
897 1297 945 1337 on
967 1282 1055 1338 certe
1078 1273 1193 1338 melius
1217 1282 1277 1338 est.

408 1376 472 1440 tlt.
517 1375 610 1456 Qnod
644 1399 704 1461 pro
738 1379 814 1463 qnia
838 1374 1049 1442 Wonwerius
1085 1378 1186 1460 solue,
1209 1377 1296 1462 quod
1320 1379 1431 1460 sciarn,

306 1479 449 1565 scripsit.
496 1475 622 1544 Similis
657 1490 708 1547 est
740 1481 833 1545 locus
868 1481 1180 1569 ep.11113(·247)
1215 1495 1303 1546 taceo
1337 1487 1433 1567 qnia

306 1584 428 1648 decidit
462 1583 565 1648 honor
593 1585 747 1666 inmerir,
779 1585 875 1649 decor
903 1586 1058 1666 brachiis,
1087 1586 1188 1650 robnr
1211 1588 1353 1667 lacertis,
1376 1587 1433 1650 ubi

307 1690 384 1775 qnia
406 1687 484 1752 AH
497 1688 530 1754 V
553 1688 682 1770 habent,
714 1690 797 1777 qnod
819 1687 866 1753 W
868 1689 1031 1754 ouwerins
1060 1685 1254 1753 Sirmondus
1282 1689 1432 1775 Mignins

308 1789 457 1855 Ber-retus.

410 1895 475 1960 tlt.
521 1892 591 1976 Cni,
614 1896 701 1980 quod
724 1897 758 1960 in
780 1897 813 1960 A
836 1895 1029 1978 est‚‚nralirn
1051 1919 1147 1980 quarn
1172 1899 1271 1977 enine,
1289 1895 1376 1980 quod
1400 1897 1433 1960 in

308 1997 558 2064 HRZVXY
581 2000 634 2063 vix
664 2008 751 2064 recte
781 2001 938 2085 scripturn
966 1995 1092 2063 Severo
1115 2007 1148 2063 et
1168 1998 1433 2065 Elmenhorstins

307 2111 510 2187 receperunt.

410 2206 475 2270 tlt.
522 2207 607 2271 Stilo
632 2209 713 2293 (non
736 2210 832 2294 etplo)
861 2218 913 2270 tno
938 2231 974 2271 ex
1000 2206 1123 2272 AHV
1147 2207 1277 2292 scripsi,
1301 2207 1432 2270 inverso

309 2307 424 2372 ordine
447 2307 659 2376 Wouwerius
684 2307 878 2374 Sirnrondus
903 2311 1051 2397 Mignins
1075 2310 1215 2374 Baretns
1238 2318 1374 2396 ponunt.

411 2621 474 2711 Ep.
499 2624 555 2690 III
578 2626 595 2686 7
616 2625 716 2708 (255).
757 2617 854 2686 Niln'l
877 2624 1061 2710 affectatum
1084 2623 1339 2708 cimnlntnmqne,
1352 2643 1436 2707 pon·

309 2727 440 2815 deniqne
474 2747 654 2792 sermonum
686 2748 764 2790 nero
795 2729 905 2811 potine
939 2728 1094 2790 reveritor
1128 2747 1223 2810 qnam
1251 2729 1436 2790 severitatis

307 2833 469 2909 imitati03
492 2844 521 2895 et
545 2853 612 2895 nec
634 2843 669 2894 nt
686 2832 840 2916 pinnini,
864 2833 920 2914 qni
943 2851 1012 2894 enin
1036 2830 1160 2893 credita
1185 2829 1372 2916 diffidenter
1388 2831 1436 2892 nl·

310 2936 428 3019 tepent,
451 2937 563 3000 volnnt
584 2935 693 2998 nideri
715 2936 816 3019 epirre
845 2956 875 2997 re
905 2937 1046 3009 cantinr3
1081 2933 1134 2997 red
1167 2955 1265 3020 neque
1289 2954 1326 2996 en
1347 2932 1436 2996 illo-

308 3061 403 3119 rnne‚
425 3049 466 3104 nt
479 3041 608 3126 ferunt,
626 3060 769 3118 nnmero,
787 3040 844 3122 qni
865 3049 988 3100 recreta
1011 3037 1224 3123 diripentinrn
1242 3038 1435 3122 principnm

308 3144 511 3207 venditantes
539 3141 685 3206 anibinnt
709 3165 728 3204 o
751 3141 904 3205 bardonio
927 3142 1003 3205 bene
1027 3144 1083 3227 cpi
1106 3162 1175 3206 enne
1199 3142 1304 3226 lepato
1322 3140 1436 3224 potine

310 3270 404 3335 qnnrn
427 3269 507 3314 enne
530 3249 701 3333 locatione.

412 3351 476 3416 tlt.
521 3347 588 3413 Nec
621 3372 685 3412 non
711 3347 857 3413 dubitavi
892 3349 1035 3414 scribere
1068 3370 1106 3412 ex
1136 3347 1270 3429 AHV,
1292 3369 1356 3412 non
1379 3346 1435 3410 El-

309 3453 529 3518 rnenlrorstins
558 3448 752 3516 Sirmondus
780 3453 931 3518 Baretus.
976 3452 1072 3517 Illius
1101 3474 1179 3516 usus
1203 3459 1260 3516 ont
1282 3458 1369 3516 certe
1392 3451 1436 3514 si-

309 3557 436 3623 millimi
460 3579 498 3621 ox
523 3555 657 3622 meliore
681 3557 778 3620 etiam
803 3557 965 3643 scriptore
989 3555 1135 3620 adfertur
1157 3555 1340 3641 exemplum
1357 3551 1435 3619 Sen.

309 3661 386 3727 dial.
399 3661 471 3727 VII
484 3660 523 3724 de
537 3661 593 3724 vit.
606 3662 690 3725 beat.
705 3661 756 3741 17,
769 3660 797 3724 3:
822 3683 886 3723 non
909 3683 977 3726 rnen
1001 3663 1128 3745 rapiens
1145 3672 1189 3741 et,
1201 3671 1237 3725 nt
1250 3661 1436 3724 nrolinolen-
1483 3741 1487 3747 =

310 3769 391 3830 tinne
426 3779 514 3830 tncrn
536 3787 680 3850 porcani,
703 3786 770 3829 nec
804 3784 868 3828 ero.
915 3757 977 3828 Cir
1005 3786 1086 3847 qnae
1109 3761 1149 3828 dc
1172 3763 1233 3828 hac
1255 3785 1290 3826 re
1313 3762 1436 3847 optime

309 3870 392 3934 dixit
425 3871 462 3934 Ο.
486 3865 687 3934 liibbeekius
721 3867 893 3953 (Beitrigc
929 3891 985 3931 zur
1007 3867 1115 3931 Lelrre
1138 3890 1203 3930 von
1227 3866 1284 3929 der
1307 3864 1436 3928 lateini-

310 3973 409 4038 sclron
434 3971 616 4054 Partikeln‚
638 3972 775 4058 Lipsiae
798 3973 888 4052 1869,
911 3995 987 4058 pag.
1011 3974 1052 4034 24
1076 3974 1169 4056 seq.).
1215 3971 1290 4034 Huo
1308 3967 1437 4033 accedit

309 4078 395 4162 quod
431 4077 494 4141 hoo
529 4078 569 4141 de
598 4099 662 4161 qno
687 4098 792 4140 sermo
822 4082 872 4140 cst
905 4073 979 4139 loco
1008 4096 1064 4139 neo
1093 4075 1234 4138 fortasse
1263 4071 1303 4136 nd
1326 4093 1435 4156 nean,

309 4181 395 4266 qnod
420 4179 518 4266 praello
542 4187 621 4266 post
643 4180 799 4263 seqnitur,
823 4179 935 4243 referri
959 4185 1080 4265 potest.

412 4286 477 4351 tlt.
521 4284 600 4350 Illo
623 4297 669 4364 nt,
695 4308 759 4348 non
783 4287 947 4350 illornm
969 4295 1015 4364 nt,
1039 4283 1071 4346 in
1095 4282 1130 4345 H
1141 4281 1171 4346 R
1183 4281 1216 4347 V
1229 4281 1260 4346 U
1272 4280 1319 4363 X,
1347 4280 1380 4344 in
1404 4280 1437 4344 A
