3186 4900
295 258 336 320 74

252 445 475 531 compluribus
502 453 581 532 post
601 444 750 510 versibus
773 444 957 531 principale
979 446 1068 530 qnod
1090 445 1211 510 dicitur
1233 444 1382 510 enuntia-

252 557 319 613 tum
342 548 508 634 incipitur.

354 653 418 718 255.
461 650 503 715 Id
525 665 572 716 eet
593 654 742 736 qratiam
764 673 829 715 mon
846 654 993 716 relaturo
1011 649 1223 716 Wouwerius
1241 653 1328 736 quod
1348 652 1381 716 in

156 794 161 802 ·
250 757 357 822 tribus
380 755 473 820 libris
497 754 611 820 deesse
628 754 720 836 dicit,
744 761 872 820 rectene
900 755 994 818 uncis
1018 753 1188 820 incluserit
1209 754 1290 818 mihi
1312 753 1383 838 qui-

252 860 325 924 dem
341 859 555 924 dubitandum
570 858 709 923 videtur.
745 854 901 922 Sidonius
918 858 1060 922 fortasse
1075 857 1149 922 ideo
1167 857 1230 924 hoc
1245 855 1382 937 addidit,

252 987 292 1028 ne
313 963 422 1028 verbis
445 961 480 1026 in
502 961 595 1046 peius
619 961 724 1027 versis
747 970 910 1026 mortuum
932 961 1119 1048 vituperare
1142 960 1318 1026 videretur.

353 1067 418 1131 255.
461 1065 570 1131 Multo
593 1065 698 1152 magis
721 1065 801 1130 milri
824 1065 980 1151 displicet
999 1064 1044 1147 id,
1059 1065 1147 1148 quod
1164 1073 1238 1129 ante
1254 1086 1384 1128 carmen

252 1170 398 1257 positum
420 1177 480 1251 est,
504 1173 570 1234 etus
594 1169 652 1234 leoc
675 1190 804 1233 carmem
827 1181 882 1234 est.
928 1164 1062 1249 Quanto
1085 1168 1201 1234 melius
1226 1165 1383 1232 Sidonius

254 1273 352 1360 paulo
375 1282 449 1336 ante
472 1296 523 1359 cp.
547 1275 566 1337 8
591 1275 682 1360 (270)
708 1273 816 1338 verbis
840 1294 906 1338 ecce
930 1277 998 1337 iam
1022 1285 1117 1337 conta
1134 1273 1268 1338 carmini
1289 1271 1384 1356 qnasi

254 1375 432 1464 praeluditl
456 1371 570 1440 Simile
592 1376 799 1442 librariorum
817 1375 1076 1441 additamentum
1093 1374 1127 1440 in
1145 1398 1197 1461 ep.
1215 1376 1288 1441 118
1308 1397 1384 1461 pag.

254 1483 294 1544 49
318 1478 532 1565 deprendisse
553 1479 632 1543 milri
653 1479 776 1544 videor.

357 1583 421 1648 252.
456 1583 497 1647 In
517 1582 672 1648 carminis
690 1605 786 1648 versu
805 1588 823 1647 2
832 1606 953 1669 pompa
972 1582 1101 1668 scripsi.
1125 1582 1166 1647 Id
1182 1605 1222 1646 ex
1234 1579 1385 1646 AHVU

255 1708 317 1772 ego
346 1684 538 1750 adnotatum
572 1685 690 1768 habeo,
718 1709 758 1750 ex
786 1685 891 1751 tribus
916 1685 1007 1750 libris
1031 1685 1137 1751 adfert
1160 1683 1385 1762 WonweriuS,

255 1788 340 1853 idem
363 1789 397 1852 in
417 1789 568 1854 omnibus
586 1811 621 1853 se
636 1789 761 1854 vidisse
777 1788 859 1853 dicit
874 1785 1012 1853 Severo.
1045 1788 1098 1852 Ex
1119 1788 1150 1853 R
1163 1788 1236 1853 ZX
1251 1787 1385 1852 Manius

255 1915 379 1978 pemmo
411 1892 529 1975 adfert,
562 1893 597 1957 id
630 1893 701 1980 ipse
732 1890 857 1957 Severo
889 1893 1023 1978 recepit,
1050 1891 1138 1976 quod
1167 1891 1287 1957 veteris
1309 1889 1386 1955 libri

257 1996 452 2061 anctoritate
474 1996 608 2078 nitatur,
638 2004 670 2062 et
692 1994 914 2061 Wouwerius.
965 1991 1113 2060 Gemmas
1136 1994 1266 2080 quidem
1290 1989 1387 2058 Sido-

257 2099 330 2164 nius
359 2099 506 2164 homines
536 2099 627 2180 dicit,
655 2107 691 2164 ut
713 2123 764 2186 ep.
787 2099 842 2165 IX
866 2100 885 2161 4
908 2100 1003 2185 (440)
1026 2100 1080 2164 sed
1104 2111 1137 2163 tu
1152 2099 1216 2184 flos
1239 2098 1387 2162 socerdo-

259 2214 334 2284 tem,
357 2223 503 2285 pemmo
519 2203 721 2286 pontificum,
738 2203 794 2268 nbi
809 2202 850 2267 de
867 2200 996 2268 Graeco
1013 2202 1171 2288 episcopo
1187 2201 1308 2265 mentio
1325 2208 1387 2265 est.

258 2300 325 2369 Sed
342 2304 462 2390 potnit,
484 2303 517 2367 ni
540 2305 648 2387 fallor,
671 2304 735 2370 hoc
757 2305 831 2370 loco
855 2309 1074 2392 episcoporum
1093 2327 1257 2391 pompam,
1279 2303 1313 2368 id
1335 2310 1386 2367 est

257 2409 350 2474 decus
373 2406 540 2495 appellare
561 2408 799 2496 presbyterum,
823 2411 953 2494 triplex,
977 2416 1013 2473 ut
1035 2408 1091 2489 sit,
1113 2407 1308 2473 bibliotheca
1324 2429 1384 2494 quo

256 2515 415 2598 mopistro
429 2512 541 2596 fulsit,
566 2511 679 2576 eodem
702 2511 769 2576 lere
791 2512 889 2576 modo
913 2519 1009 2596 etque
1032 2533 1129 2577 carm.
1153 2512 1204 2592 22,
1228 2512 1263 2573 41
1291 2509 1385 2596 (566)

257 2615 321 2679 hoc
342 2613 439 2678 dicit:
475 2618 626 2700 cornipes⁰
649 2616 724 2679 inde
747 2619 824 2679 novi
838 2616 881 2699 fit
905 2611 1034 2701 (tanqu
1056 2615 1120 2700 (ita
1142 2637 1181 2677 ex
1200 2614 1234 2677 A
1255 2613 1385 2698 scripsi,

256 2739 323 2781 non
347 2712 475 2803 Gocqee
489 2718 549 2805 fit)
579 2741 699 2804 pompa
728 2719 896 2804 triumphi,
926 2740 1058 2782 cernuos
1087 2720 1247 2802 impeecm
1262 2717 1386 2802 faciem

258 2833 348 2887 etete't
371 2843 425 2885 ere
448 2823 592 2886 madenti
614 2829 647 2886 et
669 2844 699 2906 q.
722 2843 747 2886 s.

359 2927 424 2992 258.
468 2926 534 2990 Pro
558 2928 616 2990 tec
639 2927 696 2989 dot
718 2929 834 3010 cespite
849 2925 1002 3003 membro,
1018 2923 1105 3008 quod
1121 2923 1283 3010 explicere
1299 2922 1388 3007 equi-

257 3029 331 3094 dem
353 3052 488 3113 ucqneo,
512 3030 625 3094 condi
632 3042 644 3092 t
669 3033 784 3113 cespite
808 3029 949 3094 membro
972 3026 1177 3093 coniecerim.

360 3340 424 3425 Ep.
447 3338 497 3405 IV
523 3340 561 3402 12
584 3338 689 3425 (299).
736 3338 799 3403 Cui
826 3359 893 3418 noe,
922 3338 1000 3422 qnid
1028 3337 1098 3401 ital
1133 3337 1177 3400 Et
1201 3337 1268 3414 ille,
1292 3337 1387 3400 lecto·

260 3465 336 3523 rem,
359 3445 475 3528 iuquit,
502 3441 707 3528 Constantem
729 3442 856 3504 nomine
869 3440 1074 3526 proforibus
1090 3441 1175 3516 eidi3
1199 3440 1288 3504 dedit
1303 3441 1387 3523 qul·

260 3549 340 3612 dem
363 3549 492 3612 litteras
515 3567 592 3633 quas
616 3555 792 3630 acceperat,
816 3543 869 3608 sed
886 3545 1039 3628 perdedit
1062 3565 1140 3628 quos
1163 3545 1297 3628 recepit.

362 3667 427 3732 252.
471 3666 616 3747 Quidem,
634 3664 721 3750 quod
738 3665 772 3729 in
789 3664 821 3728 A
832 3663 908 3730 HR
920 3665 945 3728 Z
958 3665 991 3730 V
1003 3664 1032 3728 P
1044 3661 1075 3728 O
1087 3663 1123 3729 X
1140 3670 1200 3744 est,
1217 3662 1282 3727 iem
1300 3655 1387 3727 Oua-

260 3769 414 3835 teleinius
447 3768 642 3834 lectionibus
675 3764 835 3832 APOR
867 3766 1017 3832 codicum
1045 3766 1154 3830 allatis
1182 3765 1387 3830 scribendum

261 3893 334 3938 esse
356 3872 491 3936 monuit.
537 3872 628 3937 Idem
661 3893 700 3936 ex
729 3870 861 3934 Pithoei
890 3870 974 3936 libro
1004 3869 1140 3934 adnotat
1165 3866 1387 3933 Wouwerius.

263 3971 329 4040 Sed
352 3975 381 4039 is
404 3977 511 4063 iuquit
534 3996 594 4060 pro
617 3972 675 4038 illo
693 3973 815 4060 posuit,
837 3973 916 4038 item
935 3969 1128 4037 Sirmondus
1152 3973 1302 4058 Mignius
1325 3971 1389 4036 Ba·

261 4086 361 4143 retus.
393 4077 492 4142 Addo
515 4075 719 4142 inVcodice
741 4075 869 4140 litteras
892 4080 921 4140 e't
944 4075 1167 4141 antecedentis
1190 4075 1283 4142 verbi
1299 4076 1389 4142 dedit

262 4189 399 4273 propter
421 4189 559 4248 ertatem
581 4181 615 4244 in
637 4202 736 4271 rugas
758 4180 978 4246 membranam
1000 4179 1193 4245 obscuratas
1216 4199 1299 4246 esse.
