<?xml version="1.0" encoding="UTF-8"?>
<!DOCTYPE html PUBLIC "-//W3C//DTD XHTML 1.0 Transitional//EN"
    "http://www.w3.org/TR/xhtml1/DTD/xhtml1-transitional.dtd">
<html xmlns="http://www.w3.org/1999/xhtml" xml:lang="en" lang="en">
 <head>
  <title>
</title>
<meta http-equiv="Content-Type" content="text/html;charset=utf-8" />
  <meta name='ocr-system' content='tesseract 3.04.00' />
  <meta name='ocr-capabilities' content='ocr_page ocr_carea ocr_par ocr_line ocrx_word'/>
</head>
<body>
  <div class='ocr_page' id='page_1' title='image "./deapollinarisid00gustgoog_0106.png"; bbox 0 0 3186 4900; ppageno 0'>
   <div class='ocr_carea' id='block_1_1' title="bbox 1233 263 1272 324">
    <p class='ocr_par' dir='ltr' id='par_1_1' title="bbox 1233 263 1272 324">
     <span class='ocr_line' id='line_1_1' title="bbox 1233 263 1272 324; baseline 0 0"><span class='ocrx_word' id='word_1_1' title='bbox 1233 263 1272 324; x_wconf 86' lang='grc'><strong><em>77</em></strong></span> 
     </span>
    </p>
   </div>
   <div class='ocr_carea' id='block_1_2' title="bbox 186 447 1318 742">
    <p class='ocr_par' dir='ltr' id='par_1_2' title="bbox 186 447 1318 742">
     <span class='ocr_line' id='line_1_2' title="bbox 187 447 1318 536; baseline 0.001 -25"><span class='ocrx_word' id='word_1_2' title='bbox 187 447 263 512; x_wconf 85' lang='lat' dir='ltr'><strong><em>loco</em></strong></span> <span class='ocrx_word' id='word_1_3' title='bbox 291 448 392 534; x_wconf 86' lang='lat' dir='ltr'><strong><em>positi</em></strong></span> <span class='ocrx_word' id='word_1_4' title='bbox 423 449 581 534; x_wconf 83' lang='lat' dir='ltr'><strong><em>exempla.</em></strong></span> <span class='ocrx_word' id='word_1_5' title='bbox 625 447 838 514; x_wconf 89' lang='lat' dir='ltr'><strong><em>Wouwerius</em></strong></span> <span class='ocrx_word' id='word_1_6' title='bbox 861 472 970 514; x_wconf 86' lang='lat' dir='ltr'><strong><em>oerum</em></strong></span> <span class='ocrx_word' id='word_1_7' title='bbox 994 453 1091 514; x_wconf 85' lang='lat' dir='ltr'><strong><em>etiam</em></strong></span> <span class='ocrx_word' id='word_1_8' title='bbox 1106 450 1240 536; x_wconf 83' lang='lat' dir='ltr'><strong><em>furtiua</em></strong></span> <span class='ocrx_word' id='word_1_9' title='bbox 1263 449 1318 513; x_wconf 83' lang='lat' dir='ltr'><strong><em>ha-</em></strong></span> 
     </span>
     <span class='ocr_line' id='line_1_3' title="bbox 187 546 1316 641; baseline 0.001 -27"><span class='ocrx_word' id='word_1_10' title='bbox 187 550 252 631; x_wconf 89' lang='lat' dir='ltr'><strong><em>bet,</em></strong></span> <span class='ocrx_word' id='word_1_11' title='bbox 277 546 471 617; x_wconf 88' lang='lat' dir='ltr'><strong><em>Sirmondus</em></strong></span> <span class='ocrx_word' id='word_1_12' title='bbox 494 553 644 639; x_wconf 83' lang='lat' dir='ltr'><strong><em>Mignius</em></strong></span> <span class='ocrx_word' id='word_1_13' title='bbox 668 552 808 618; x_wconf 83' lang='lat' dir='ltr'><strong><em>Baretus</em></strong></span> <span class='ocrx_word' id='word_1_14' title='bbox 830 576 941 618; x_wconf 87' lang='lat' dir='ltr'><strong><em>oerum</em></strong></span> <span class='ocrx_word' id='word_1_15' title='bbox 969 557 1066 619; x_wconf 88' lang='lat' dir='ltr'><strong><em>etiam</em></strong></span> <span class='ocrx_word' id='word_1_16' title='bbox 1078 554 1213 641; x_wconf 76' lang='lat' dir='ltr'><strong><em>furtiua</em></strong></span> <span class='ocrx_word' id='word_1_17' title='bbox 1233 575 1316 638; x_wconf 80' lang='lat' dir='ltr'><strong><em>quo-</em></strong></span> 
     </span>
     <span class='ocr_line' id='line_1_4' title="bbox 186 653 857 742; baseline 0.003 -24"><span class='ocrx_word' id='word_1_18' title='bbox 186 675 270 740; x_wconf 81' lang='lat' dir='ltr'><strong><em>que,</em></strong></span> <span class='ocrx_word' id='word_1_19' title='bbox 294 653 382 738; x_wconf 92' lang='lat' dir='ltr'><strong><em>quod</em></strong></span> <span class='ocrx_word' id='word_1_20' title='bbox 405 655 460 718; x_wconf 91' lang='lat' dir='ltr'><strong><em>vix</em></strong></span> <span class='ocrx_word' id='word_1_21' title='bbox 483 657 633 740; x_wconf 82' lang='lat' dir='ltr'><strong><em>cuiquam</em></strong></span> <span class='ocrx_word' id='word_1_22' title='bbox 655 657 857 742; x_wconf 82' lang='lat' dir='ltr'><strong>probabitur.</strong></span> 
     </span>
    </p>
   </div>
   <div class='ocr_carea' id='block_1_3' title="bbox 186 773 1317 967">
    <p class='ocr_par' dir='ltr' id='par_1_3' title="bbox 186 773 1317 967">
     <span class='ocr_line' id='line_1_5' title="bbox 288 773 1317 861; baseline 0.001 -22"><span class='ocrx_word' id='word_1_23' title='bbox 288 774 353 840; x_wconf 80' lang='grc'><strong>277).</strong></span> <span class='ocrx_word' id='word_1_24' title='bbox 397 773 537 840; x_wconf 83' lang='lat' dir='ltr'><strong><em>Furtum</em></strong></span> <span class='ocrx_word' id='word_1_25' title='bbox 553 778 624 840; x_wconf 55' lang='lat' dir='ltr'><strong><em>“lsoc</em></strong></span> <span class='ocrx_word' id='word_1_26' title='bbox 646 776 679 840; x_wconf 82' lang='lat' dir='ltr'><strong>A</strong></span> <span class='ocrx_word' id='word_1_27' title='bbox 708 776 811 842; x_wconf 82' lang='lat' dir='ltr'>codex</span> <span class='ocrx_word' id='word_1_28' title='bbox 840 777 947 857; x_wconf 79' lang='lat' dir='ltr'><strong><em>habet,</em></strong></span> <span class='ocrx_word' id='word_1_29' title='bbox 976 799 1069 860; x_wconf 87' lang='lat' dir='ltr'><strong><em>quem</em></strong></span> <span class='ocrx_word' id='word_1_30' title='bbox 1093 776 1184 861; x_wconf 91' lang='lat' dir='ltr'><strong><em>sequi</em></strong></span> <span class='ocrx_word' id='word_1_31' title='bbox 1207 778 1317 856; x_wconf 87' lang='lat' dir='ltr'><strong><em>nolim,</em></strong></span> 
     </span>
     <span class='ocr_line' id='line_1_6' title="bbox 186 875 1221 967; baseline 0.002 -27"><span class='ocrx_word' id='word_1_32' title='bbox 186 878 333 959; x_wconf 83' lang='lat' dir='ltr'><strong><em>quamvis</em></strong></span> <span class='ocrx_word' id='word_1_33' title='bbox 357 879 456 963; x_wconf 84' lang='lat' dir='ltr'><strong><em>paulo</em></strong></span> <span class='ocrx_word' id='word_1_34' title='bbox 480 887 577 944; x_wconf 85' lang='lat' dir='ltr'><strong><em>antea</em></strong></span> <span class='ocrx_word' id='word_1_35' title='bbox 600 879 723 945; x_wconf 86' lang='lat' dir='ltr'><strong><em>dictum</em></strong></span> <span class='ocrx_word' id='word_1_36' title='bbox 747 881 790 944; x_wconf 91' lang='lat' dir='ltr'><strong><em>sit</em></strong></span> <span class='ocrx_word' id='word_1_37' title='bbox 814 875 939 966; x_wconf 86' lang='lat' dir='ltr'><strong><em>copiam</em></strong></span> <span class='ocrx_word' id='word_1_38' title='bbox 963 881 1044 943; x_wconf 82' lang='lat' dir='ltr'><strong><em>hanc</em></strong></span> <span class='ocrx_word' id='word_1_39' title='bbox 1060 880 1221 967; x_wconf 86' lang='lat' dir='ltr'><strong><em>praefert.</em></strong></span> 
     </span>
    </p>
   </div>
   <div class='ocr_carea' id='block_1_4' title="bbox 184 1186 1320 2516">
    <p class='ocr_par' dir='ltr' id='par_1_4' title="bbox 184 1186 1320 2516">
     <span class='ocr_line' id='line_1_7' title="bbox 289 1186 1319 1274; baseline 0.003 -25"><span class='ocrx_word' id='word_1_40' title='bbox 289 1186 351 1271; x_wconf 80' lang='lat' dir='ltr'><strong><em>Ep.</em></strong></span> <span class='ocrx_word' id='word_1_41' title='bbox 377 1186 428 1251; x_wconf 94' lang='lat' dir='ltr'><strong><em>IV</em></strong></span> <span class='ocrx_word' id='word_1_42' title='bbox 454 1189 491 1250; x_wconf 80' lang='lat'><strong><em>17</em></strong></span> <span class='ocrx_word' id='word_1_43' title='bbox 510 1186 620 1272; x_wconf 80' lang='lat'>(306).</span> <span class='ocrx_word' id='word_1_44' title='bbox 665 1186 874 1272; x_wconf 73' lang='lat' dir='ltr'><strong><em>Quapropter</em></strong></span> <span class='ocrx_word' id='word_1_45' title='bbox 908 1191 1068 1253; x_wconf 89' lang='lat' dir='ltr'><strong><em>alternum</em></strong></span> <span class='ocrx_word' id='word_1_46' title='bbox 1099 1191 1183 1254; x_wconf 86' lang='lat' dir='ltr'><strong><em>salue</em></strong></span> <span class='ocrx_word' id='word_1_47' title='bbox 1207 1212 1319 1274; x_wconf 91' lang='lat' dir='ltr'><strong><em>repen-</em></strong></span> 
     </span>
     <span class='ocr_line' id='line_1_8' title="bbox 187 1289 1318 1378; baseline 0.004 -26"><span class='ocrx_word' id='word_1_48' title='bbox 187 1289 263 1353; x_wconf 86' lang='lat' dir='ltr'><strong><em>dens</em></strong></span> <span class='ocrx_word' id='word_1_49' title='bbox 296 1290 472 1372; x_wconf 76' lang='lat' dir='ltr'><strong><em>prenditur</em></strong></span> <span class='ocrx_word' id='word_1_50' title='bbox 507 1292 610 1354; x_wconf 86' lang='lat' dir='ltr'><strong><em>laetor</em></strong></span> <span class='ocrx_word' id='word_1_51' title='bbox 645 1293 758 1354; x_wconf 87' lang='lat' dir='ltr'><strong><em>saltem</em></strong></span> <span class='ocrx_word' id='word_1_52' title='bbox 786 1294 821 1354; x_wconf 84' lang='lat' dir='ltr'><strong><em>in</em></strong></span> <span class='ocrx_word' id='word_1_53' title='bbox 849 1291 975 1356; x_wconf 86' lang='lat' dir='ltr'><strong><em>illustri</em></strong></span> <span class='ocrx_word' id='word_1_54' title='bbox 994 1305 1124 1378; x_wconf 83' lang='lat' dir='ltr'><strong><em>pectore</em></strong></span> <span class='ocrx_word' id='word_1_55' title='bbox 1149 1304 1201 1358; x_wconf 85' lang='lat' dir='ltr'><strong><em>tuo</em></strong></span> <span class='ocrx_word' id='word_1_56' title='bbox 1224 1316 1318 1358; x_wconf 83' lang='lat' dir='ltr'><strong><em>uane-</em></strong></span> 
     </span>
     <span class='ocr_line' id='line_1_9' title="bbox 188 1395 1319 1484; baseline 0.005 -30"><span class='ocrx_word' id='word_1_57' title='bbox 188 1395 340 1454; x_wconf 85' lang='lat' dir='ltr'><strong><em>scentinm</em></strong></span> <span class='ocrx_word' id='word_1_58' title='bbox 376 1395 563 1456; x_wconf 88' lang='lat' dir='ltr'><strong><em>litterarum</em></strong></span> <span class='ocrx_word' id='word_1_59' title='bbox 596 1397 787 1458; x_wconf 86' lang='lat' dir='ltr'><strong><em>remansisse</em></strong></span> <span class='ocrx_word' id='word_1_60' title='bbox 821 1399 975 1481; x_wconf 78' lang='lat' dir='ltr'><strong><em>uestipia3</em></strong></span> <span class='ocrx_word' id='word_1_61' title='bbox 1003 1419 1082 1482; x_wconf 77' lang='lat' dir='ltr'><strong><em>puae</em></strong></span> <span class='ocrx_word' id='word_1_62' title='bbox 1106 1401 1135 1460; x_wconf 86' lang='lat' dir='ltr'><strong><em>si</em></strong></span> <span class='ocrx_word' id='word_1_63' title='bbox 1150 1400 1319 1484; x_wconf 75' lang='lat' dir='ltr'><strong><em>frequenti</em></strong></span> 
     </span>
     <span class='ocr_line' id='line_1_10' title="bbox 188 1499 1316 1584; baseline 0.004 -24"><span class='ocrx_word' id='word_1_64' title='bbox 188 1499 321 1560; x_wconf 88' lang='lat' dir='ltr'><strong><em>lectione</em></strong></span> <span class='ocrx_word' id='word_1_65' title='bbox 346 1501 523 1576; x_wconf 87' lang='lat' dir='ltr'><strong><em>continuas,</em></strong></span> <span class='ocrx_word' id='word_1_66' title='bbox 554 1501 718 1580; x_wconf 77' lang='lat' dir='ltr'><strong><em>asperiore</em></strong></span> <span class='ocrx_word' id='word_1_67' title='bbox 736 1520 798 1582; x_wconf 90' lang='lat' dir='ltr'><strong><em>per</em></strong></span> <span class='ocrx_word' id='word_1_68' title='bbox 822 1499 900 1578; x_wconf 87' lang='lat' dir='ltr'><strong><em>dies,</em></strong></span> <span class='ocrx_word' id='word_1_69' title='bbox 925 1511 1043 1584; x_wconf 78' lang='lat' dir='ltr'><strong><em>quanto</em></strong></span> <span class='ocrx_word' id='word_1_70' title='bbox 1074 1504 1316 1565; x_wconf 88' lang='lat' dir='ltr'><strong><em>antecellunt</em></strong></span> 
     </span>
     <span class='ocr_line' id='line_1_11' title="bbox 188 1601 1318 1688; baseline 0.003 -24"><span class='ocrx_word' id='word_1_71' title='bbox 188 1601 288 1664; x_wconf 87' lang='lat' dir='ltr'><strong><em>beluis</em></strong></span> <span class='ocrx_word' id='word_1_72' title='bbox 318 1601 469 1680; x_wconf 85' lang='lat' dir='ltr'><strong><em>bomines,</em></strong></span> <span class='ocrx_word' id='word_1_73' title='bbox 505 1611 594 1662; x_wconf 88' lang='lat' dir='ltr'><strong><em>tanto</em></strong></span> <span class='ocrx_word' id='word_1_74' title='bbox 629 1601 791 1686; x_wconf 84' lang='lat' dir='ltr'><strong><em>anteferri</em></strong></span> <span class='ocrx_word' id='word_1_75' title='bbox 813 1603 945 1665; x_wconf 75' lang='lat' dir='ltr'><strong><em>rusticis</em></strong></span> <span class='ocrx_word' id='word_1_76' title='bbox 969 1604 1144 1666; x_wconf 87' lang='lat' dir='ltr'><strong><em>institutos.</em></strong></span> <span class='ocrx_word' id='word_1_77' title='bbox 1190 1603 1239 1667; x_wconf 89' lang='lat' dir='ltr'><strong><em>De</em></strong></span> <span class='ocrx_word' id='word_1_78' title='bbox 1257 1627 1318 1688; x_wconf 90' lang='lat' dir='ltr'><strong><em>pa-</em></strong></span> 
     </span>
     <span class='ocr_line' id='line_1_12' title="bbox 187 1704 1319 1792; baseline 0.003 -24"><span class='ocrx_word' id='word_1_79' title='bbox 187 1707 274 1788; x_wconf 81' lang='lat' dir='ltr'><strong><em>pinis</em></strong></span> <span class='ocrx_word' id='word_1_80' title='bbox 298 1725 372 1768; x_wconf 90' lang='lat' dir='ltr'><strong><em>sane</em></strong></span> <span class='ocrx_word' id='word_1_81' title='bbox 397 1704 480 1789; x_wconf 81' lang='lat' dir='ltr'><strong><em>qnod</em></strong></span> <span class='ocrx_word' id='word_1_82' title='bbox 496 1704 702 1788; x_wconf 86' lang='lat' dir='ltr'><strong><em>spiritalibus</em></strong></span> <span class='ocrx_word' id='word_1_83' title='bbox 718 1707 767 1768; x_wconf 84' lang='lat' dir='ltr'><strong><em>uis</em></strong></span> <span class='ocrx_word' id='word_1_84' title='bbox 783 1717 818 1767; x_wconf 84' lang='lat' dir='ltr'><strong><em>ut</em></strong></span> <span class='ocrx_word' id='word_1_85' title='bbox 835 1706 959 1791; x_wconf 84' lang='lat' dir='ltr'><strong><em>aliquid</em></strong></span> <span class='ocrx_word' id='word_1_86' title='bbox 975 1709 1138 1790; x_wconf 85' lang='lat' dir='ltr'><strong><em>interpres</em></strong></span> <span class='ocrx_word' id='word_1_87' title='bbox 1154 1709 1319 1792; x_wconf 82' lang='lat' dir='ltr'><strong><em>improbus</em></strong></span> 
     </span>
     <span class='ocr_line' id='line_1_13' title="bbox 187 1808 1318 1896; baseline 0.002 -26"><span class='ocrx_word' id='word_1_88' title='bbox 187 1811 349 1893; x_wconf 79' lang='lat' dir='ltr'><strong><em>porrinrn,</em></strong></span> <span class='ocrx_word' id='word_1_89' title='bbox 373 1809 491 1872; x_wconf 82' lang='lat' dir='ltr'><strong><em>iustius</em></strong></span> <span class='ocrx_word' id='word_1_90' title='bbox 515 1808 720 1890; x_wconf 81' lang='lat' dir='ltr'><strong><em>lsaecpostu</em></strong></span> <span class='ocrx_word' id='word_1_91' title='bbox 731 1811 868 1872; x_wconf 85' lang='lat' dir='ltr'><strong><em>lentur</em></strong></span> <span class='ocrx_word' id='word_1_92' title='bbox 884 1833 904 1871; x_wconf 88' lang='lat' dir='ltr'><strong><em>a</em></strong></span> <span class='ocrx_word' id='word_1_93' title='bbox 921 1811 1140 1874; x_wconf 83' lang='lat' dir='ltr'><strong><em>sacerdotibus</em></strong></span> <span class='ocrx_word' id='word_1_94' title='bbox 1158 1813 1224 1875; x_wconf 84' lang='lat' dir='ltr'><strong><em>loeo</em></strong></span> <span class='ocrx_word' id='word_1_95' title='bbox 1242 1835 1318 1896; x_wconf 91' lang='lat' dir='ltr'><strong><em>pro-</em></strong></span> 
     </span>
     <span class='ocr_line' id='line_1_14' title="bbox 184 1911 1318 1999; baseline 0.004 -25"><span class='ocrx_word' id='word_1_96' title='bbox 184 1913 329 1996; x_wconf 80' lang='lat' dir='ltr'><strong><em>pinquis,</em></strong></span> <span class='ocrx_word' id='word_1_97' title='bbox 362 1923 466 1974; x_wconf 86' lang='lat' dir='ltr'><strong><em>aetate</em></strong></span> <span class='ocrx_word' id='word_1_98' title='bbox 499 1911 707 1994; x_wconf 82' lang='lat' dir='ltr'><strong><em>prandaeois,</em></strong></span> <span class='ocrx_word' id='word_1_99' title='bbox 728 1912 794 1993; x_wconf 72' lang='lat' dir='ltr'><strong><em>side</em></strong></span> <span class='ocrx_word' id='word_1_100' title='bbox 824 1915 932 1990; x_wconf 84' lang='lat' dir='ltr'><strong><em>cleris,</em></strong></span> <span class='ocrx_word' id='word_1_101' title='bbox 961 1935 1054 1998; x_wconf 91' lang='lat' dir='ltr'><strong><em>opere</em></strong></span> <span class='ocrx_word' id='word_1_102' title='bbox 1082 1917 1235 1999; x_wconf 79' lang='lat' dir='ltr'><strong><em>culpatis,</em></strong></span> <span class='ocrx_word' id='word_1_103' title='bbox 1265 1939 1318 1978; x_wconf 86' lang='lat' dir='ltr'><strong><em>ore</em></strong></span> 
     </span>
     <span class='ocr_line' id='line_1_15' title="bbox 186 2015 1319 2099; baseline 0.005 -24"><span class='ocrx_word' id='word_1_104' title='bbox 186 2017 363 2099; x_wconf 88' lang='lat' dir='ltr'><strong><em>promptis,</em></strong></span> <span class='ocrx_word' id='word_1_105' title='bbox 387 2017 543 2077; x_wconf 86' lang='lat' dir='ltr'><strong><em>memoria</em></strong></span> <span class='ocrx_word' id='word_1_106' title='bbox 567 2015 744 2090; x_wconf 74' lang='lat' dir='ltr'><strong><em>tenacibus,</em></strong></span> <span class='ocrx_word' id='word_1_107' title='bbox 769 2019 857 2079; x_wconf 89' lang='lat' dir='ltr'><strong><em>omni</em></strong></span> <span class='ocrx_word' id='word_1_108' title='bbox 879 2016 1012 2099; x_wconf 82' lang='lat' dir='ltr'><strong><em>denique</em></strong></span> <span class='ocrx_word' id='word_1_109' title='bbox 1035 2021 1226 2080; x_wconf 84' lang='lat' dir='ltr'><strong><em>meritorum</em></strong></span> <span class='ocrx_word' id='word_1_110' title='bbox 1249 2019 1319 2081; x_wconf 86' lang='lat' dir='ltr'><strong><em>snb·</em></strong></span> 
     </span>
     <span class='ocr_line' id='line_1_16' title="bbox 190 2115 1319 2205; baseline 0.001 -22"><span class='ocrx_word' id='word_1_111' title='bbox 190 2121 317 2184; x_wconf 87' lang='lat' dir='ltr'><strong><em>limium</em></strong></span> <span class='ocrx_word' id='word_1_112' title='bbox 349 2118 421 2182; x_wconf 87' lang='lat' dir='ltr'><strong><em>dote</em></strong></span> <span class='ocrx_word' id='word_1_113' title='bbox 449 2119 647 2202; x_wconf 88' lang='lat' dir='ltr'><strong><em>potioribus.</em></strong></span> <span class='ocrx_word' id='word_1_114' title='bbox 706 2115 860 2205; x_wconf 84' lang='lat' dir='ltr'><strong><em>Namque,</em></strong></span> <span class='ocrx_word' id='word_1_115' title='bbox 893 2131 929 2182; x_wconf 90' lang='lat' dir='ltr'><strong><em>ut</em></strong></span> <span class='ocrx_word' id='word_1_116' title='bbox 959 2121 1139 2184; x_wconf 70' lang='lat' dir='ltr'><strong><em>antistitem</em></strong></span> <span class='ocrx_word' id='word_1_117' title='bbox 1174 2123 1319 2185; x_wconf 86' lang='lat' dir='ltr'><strong><em>ciuitatis</em></strong></span> 
     </span>
     <span class='ocr_line' id='line_1_17' title="bbox 189 2223 1318 2310; baseline 0.001 -25"><span class='ocrx_word' id='word_1_118' title='bbox 189 2233 313 2285; x_wconf 86' lang='lat' dir='ltr'><strong><em>uestrae</em></strong></span> <span class='ocrx_word' id='word_1_119' title='bbox 347 2223 538 2307; x_wconf 81' lang='lat' dir='ltr'><strong><em>relinquam,</em></strong></span> <span class='ocrx_word' id='word_1_120' title='bbox 574 2225 914 2287; x_wconf 68' lang='lat' dir='ltr'><strong><em>consummatissimum</em></strong></span> <span class='ocrx_word' id='word_1_121' title='bbox 942 2226 1049 2286; x_wconf 85' lang='lat' dir='ltr'><strong><em>airum</em></strong></span> <span class='ocrx_word' id='word_1_122' title='bbox 1074 2235 1318 2310; x_wconf 79' lang='lat' dir='ltr'><strong><em>cunctarumque</em></strong></span> 
     </span>
     <span class='ocr_line' id='line_1_18' title="bbox 189 2326 1318 2412; baseline 0.003 -24"><span class='ocrx_word' id='word_1_123' title='bbox 189 2328 348 2390; x_wconf 84' lang='lat' dir='ltr'><strong><em>uirtutum</em></strong></span> <span class='ocrx_word' id='word_1_124' title='bbox 374 2329 568 2389; x_wconf 85' lang='lat' dir='ltr'><strong><em>conscientia</em></strong></span> <span class='ocrx_word' id='word_1_125' title='bbox 592 2328 732 2412; x_wconf 80' lang='lat' dir='ltr'><strong><em>etfama</em></strong></span> <span class='ocrx_word' id='word_1_126' title='bbox 756 2329 848 2390; x_wconf 83' lang='lat' dir='ltr'><strong><em>iacta</em></strong></span> <span class='ocrx_word' id='word_1_127' title='bbox 872 2326 1007 2406; x_wconf 86' lang='lat' dir='ltr'><strong><em>beatum,</em></strong></span> <span class='ocrx_word' id='word_1_128' title='bbox 1030 2330 1129 2392; x_wconf 88' lang='lat' dir='ltr'><strong><em>multo</em></strong></span> <span class='ocrx_word' id='word_1_129' title='bbox 1157 2339 1318 2412; x_wconf 88' lang='lat' dir='ltr'><strong><em>opo-rtu-</em></strong></span> 
     </span>
     <span class='ocr_line' id='line_1_19' title="bbox 189 2428 1320 2516; baseline -0.001 -24"><span class='ocrx_word' id='word_1_130' title='bbox 189 2432 279 2492; x_wconf 85' lang='lat' dir='ltr'><strong><em>nins</em></strong></span> <span class='ocrx_word' id='word_1_131' title='bbox 313 2431 350 2493; x_wconf 89' lang='lat' dir='ltr'><strong><em>de</em></strong></span> <span class='ocrx_word' id='word_1_132' title='bbox 385 2428 628 2515; x_wconf 76' lang='lat' dir='ltr'><strong><em>quibuscumque</em></strong></span> <span class='ocrx_word' id='word_1_133' title='bbox 657 2429 987 2515; x_wconf 77' lang='lat' dir='ltr'><strong><em>quaestionibus-tibi</em></strong></span> <span class='ocrx_word' id='word_1_134' title='bbox 1011 2433 1320 2516; x_wconf 84' lang='lat' dir='ltr'><strong><em>interropnntur</em></strong></span> 
     </span>
    </p>
   </div>
   <div class='ocr_carea' id='block_1_5' title="bbox 189 2527 1320 2723">
    <p class='ocr_par' dir='ltr' id='par_1_5' title="bbox 189 2527 1320 2723">
     <span class='ocr_line' id='line_1_20' title="bbox 189 2527 1320 2620; baseline 0.001 -23"><span class='ocrx_word' id='word_1_135' title='bbox 189 2535 330 2598; x_wconf 88' lang='lat' dir='ltr'><strong><em>incliti</em></strong></span> <span class='ocrx_word' id='word_1_136' title='bbox 360 2527 547 2598; x_wconf 78' lang='lat' dir='ltr'><strong><em>Galliarum</em></strong></span> <span class='ocrx_word' id='word_1_137' title='bbox 564 2544 679 2618; x_wconf 87' lang='lat' dir='ltr'><strong><em>patres</em></strong></span> <span class='ocrx_word' id='word_1_138' title='bbox 702 2539 744 2596; x_wconf 86' lang='lat' dir='ltr'><strong><em>ac</em></strong></span> <span class='ocrx_word' id='word_1_139' title='bbox 763 2545 991 2619; x_wconf 80' lang='lat' dir='ltr'><strong><em>protomystae,</em></strong></span> <span class='ocrx_word' id='word_1_140' title='bbox 1015 2557 1071 2598; x_wconf 89' lang='lat' dir='ltr'><strong><em>nec</em></strong></span> <span class='ocrx_word' id='word_1_141' title='bbox 1094 2537 1175 2598; x_wconf 88' lang='lat' dir='ltr'><strong><em>satis</em></strong></span> <span class='ocrx_word' id='word_1_142' title='bbox 1191 2537 1320 2620; x_wconf 88' lang='lat' dir='ltr'><strong><em>positus</em></strong></span> 
     </span>
     <span class='ocr_line' id='line_1_21' title="bbox 189 2635 1215 2723; baseline -0.002 -23"><span class='ocrx_word' id='word_1_143' title='bbox 189 2639 225 2700; x_wconf 91' lang='lat' dir='ltr'><strong><em>in</em></strong></span> <span class='ocrx_word' id='word_1_144' title='bbox 249 2638 422 2722; x_wconf 66' lang='lat' dir='ltr'><strong><em>lonqinquo</em></strong></span> <span class='ocrx_word' id='word_1_145' title='bbox 448 2635 566 2720; x_wconf 87' lang='lat' dir='ltr'><strong><em>Lupus,</em></strong></span> <span class='ocrx_word' id='word_1_146' title='bbox 589 2658 645 2699; x_wconf 89' lang='lat' dir='ltr'><strong><em>nec</em></strong></span> <span class='ocrx_word' id='word_1_147' title='bbox 661 2659 782 2722; x_wconf 88' lang='lat' dir='ltr'><strong><em>parum</em></strong></span> <span class='ocrx_word' id='word_1_148' title='bbox 803 2641 839 2700; x_wconf 90' lang='lat' dir='ltr'><strong><em>in</em></strong></span> <span class='ocrx_word' id='word_1_149' title='bbox 856 2641 1008 2722; x_wconf 81' lang='lat' dir='ltr'><strong><em>procimo</em></strong></span> <span class='ocrx_word' id='word_1_150' title='bbox 1032 2641 1215 2723; x_wconf 86' lang='lat' dir='ltr'><strong><em>Auspicius.</em></strong></span> 
     </span>
    </p>
   </div>
   <div class='ocr_carea' id='block_1_6' title="bbox 116 2755 1321 3256">
    <p class='ocr_par' dir='ltr' id='par_1_6' title="bbox 116 2755 1321 3256">
     <span class='ocr_line' id='line_1_22' title="bbox 291 2755 1320 2843; baseline 0 -22"><span class='ocrx_word' id='word_1_151' title='bbox 291 2756 356 2822; x_wconf 85' lang='grc'><strong>277.</strong></span> <span class='ocrx_word' id='word_1_152' title='bbox 400 2755 510 2820; x_wconf 87' lang='lat' dir='ltr'><strong><em>Multa</em></strong></span> <span class='ocrx_word' id='word_1_153' title='bbox 533 2756 704 2842; x_wconf 84' lang='lat' dir='ltr'><strong><em>exscripsi,</em></strong></span> <span class='ocrx_word' id='word_1_154' title='bbox 727 2779 919 2841; x_wconf 80' lang='lat' dir='ltr'><strong><em>quamquam</em></strong></span> <span class='ocrx_word' id='word_1_155' title='bbox 942 2757 982 2822; x_wconf 88' lang='lat' dir='ltr'><strong><em>de</em></strong></span> <span class='ocrx_word' id='word_1_156' title='bbox 1005 2759 1116 2843; x_wconf 86' lang='lat' dir='ltr'><strong><em>parvis</em></strong></span> <span class='ocrx_word' id='word_1_157' title='bbox 1140 2781 1225 2821; x_wconf 88' lang='lat' dir='ltr'><strong><em>nunc</em></strong></span> <span class='ocrx_word' id='word_1_158' title='bbox 1241 2781 1320 2843; x_wconf 93' lang='lat' dir='ltr'><strong><em>quo-</em></strong></span> 
     </span>
     <span class='ocr_line' id='line_1_23' title="bbox 190 2859 1320 2947; baseline 0.002 -25"><span class='ocrx_word' id='word_1_159' title='bbox 190 2882 251 2943; x_wconf 91' lang='lat' dir='ltr'><strong><em>que</em></strong></span> <span class='ocrx_word' id='word_1_160' title='bbox 274 2859 371 2924; x_wconf 88' lang='lat' dir='ltr'><strong><em>rebus</em></strong></span> <span class='ocrx_word' id='word_1_161' title='bbox 394 2882 498 2944; x_wconf 81' lang='lat' dir='ltr'><strong><em>agam.</em></strong></span> <span class='ocrx_word' id='word_1_162' title='bbox 543 2861 792 2924; x_wconf 85' lang='lat' dir='ltr'><strong><em>Antecednnt</em></strong></span> <span class='ocrx_word' id='word_1_163' title='bbox 814 2860 848 2923; x_wconf 92' lang='lat' dir='ltr'><strong><em>in</em></strong></span> <span class='ocrx_word' id='word_1_164' title='bbox 870 2861 903 2923; x_wconf 93' lang='lat' dir='ltr'><strong>A</strong></span> <span class='ocrx_word' id='word_1_165' title='bbox 925 2861 1005 2941; x_wconf 88' lang='lat' dir='ltr'><strong><em>vidi,</em></strong></span> <span class='ocrx_word' id='word_1_166' title='bbox 1028 2883 1065 2924; x_wconf 86' lang='lat' dir='ltr'><strong><em>ex</em></strong></span> <span class='ocrx_word' id='word_1_167' title='bbox 1087 2861 1320 2947; x_wconf 80' lang='lat' dir='ltr'><strong><em>manuscriptis</em></strong></span> 
     </span>
     <span class='ocr_line' id='line_1_24' title="bbox 190 2955 1321 3044; baseline -0.001 -17"><span class='ocrx_word' id='word_1_168' title='bbox 190 2962 320 3027; x_wconf 81' lang='lat' dir='ltr'><strong><em>Aclrills</em></strong></span> <span class='ocrx_word' id='word_1_169' title='bbox 345 2959 454 3044; x_wconf 84' lang='lat' dir='ltr'><strong><em>Statii,</em></strong></span> <span class='ocrx_word' id='word_1_170' title='bbox 477 2962 627 3044; x_wconf 86' lang='lat' dir='ltr'><strong><em>Puteani,</em></strong></span> <span class='ocrx_word' id='word_1_171' title='bbox 651 2955 918 3027; x_wconf 81' lang='lat' dir='ltr'><strong><em>Clsromoutensi</em></strong></span> <span class='ocrx_word' id='word_1_172' title='bbox 942 2959 1067 3027; x_wconf 80' lang='lat' dir='ltr'><strong><em>Severo</em></strong></span> <span class='ocrx_word' id='word_1_173' title='bbox 1091 2964 1210 3028; x_wconf 86' lang='lat' dir='ltr'><strong><em>attulit.</em></strong></span> <span class='ocrx_word' id='word_1_174' title='bbox 1249 2965 1321 3028; x_wconf 87' lang='lat' dir='ltr'><strong><em>Me-</em></strong></span> 
     </span>
     <span class='ocr_line' id='line_1_25' title="bbox 116 3065 1320 3153; baseline 0 -23"><span class='ocrx_word' id='word_1_175' title='bbox 116 3091 119 3100; x_wconf 57' lang='lat'><em>*</em></span> <span class='ocrx_word' id='word_1_176' title='bbox 191 3066 254 3130; x_wconf 90' lang='lat' dir='ltr'><strong><em>lius</em></strong></span> <span class='ocrx_word' id='word_1_177' title='bbox 279 3066 341 3130; x_wconf 87' lang='lat' dir='ltr'><strong><em>hoc</em></strong></span> <span class='ocrx_word' id='word_1_178' title='bbox 363 3089 429 3130; x_wconf 90' lang='lat' dir='ltr'><strong><em>nou</em></strong></span> <span class='ocrx_word' id='word_1_179' title='bbox 453 3065 527 3130; x_wconf 87' lang='lat' dir='ltr'><strong><em>dico</em></strong></span> <span class='ocrx_word' id='word_1_180' title='bbox 551 3087 623 3130; x_wconf 86' lang='lat' dir='ltr'><strong><em>esse</em></strong></span> <span class='ocrx_word' id='word_1_181' title='bbox 645 3067 745 3131; x_wconf 88' lang='lat' dir='ltr'><strong><em>verbo</em></strong></span> <span class='ocrx_word' id='word_1_182' title='bbox 770 3070 974 3145; x_wconf 87' lang='lat' dir='ltr'><strong><em>antecellunt,</em></strong></span> <span class='ocrx_word' id='word_1_183' title='bbox 998 3067 1085 3151; x_wconf 89' lang='lat' dir='ltr'><strong><em>quod</em></strong></span> <span class='ocrx_word' id='word_1_184' title='bbox 1109 3091 1148 3131; x_wconf 88' lang='lat' dir='ltr'><strong><em>ex</em></strong></span> <span class='ocrx_word' id='word_1_185' title='bbox 1171 3067 1320 3153; x_wconf 84' lang='lat' dir='ltr'><strong><em>plurimis</em></strong></span> 
     </span>
     <span class='ocr_line' id='line_1_26' title="bbox 192 3168 1058 3256; baseline -0.001 -22"><span class='ocrx_word' id='word_1_186' title='bbox 192 3169 362 3234; x_wconf 86' lang='lat' dir='ltr'><strong><em>codicibus</em></strong></span> <span class='ocrx_word' id='word_1_187' title='bbox 385 3168 518 3233; x_wconf 82' lang='lat' dir='ltr'><strong><em>allatum</em></strong></span> <span class='ocrx_word' id='word_1_188' title='bbox 542 3169 582 3235; x_wconf 83' lang='lat' dir='ltr'><strong><em>ab</em></strong></span> <span class='ocrx_word' id='word_1_189' title='bbox 606 3170 786 3235; x_wconf 87' lang='lat' dir='ltr'><strong><em>editoribus</em></strong></span> <span class='ocrx_word' id='word_1_190' title='bbox 810 3178 975 3256; x_wconf 88' lang='lat' dir='ltr'><strong><em>receptum</em></strong></span> <span class='ocrx_word' id='word_1_191' title='bbox 998 3179 1058 3235; x_wconf 85' lang='lat' dir='ltr'><strong><em>est.</em></strong></span> 
     </span>
    </p>
   </div>
   <div class='ocr_carea' id='block_1_7' title="bbox 191 3288 1322 3586">
    <p class='ocr_par' dir='ltr' id='par_1_7' title="bbox 191 3288 1322 3586">
     <span class='ocr_line' id='line_1_27' title="bbox 250 3288 1319 3382; baseline -0.002 -28"><span class='ocrx_word' id='word_1_192' title='bbox 250 3291 254 3302; x_wconf 88' lang='lat'>&#39;</span> <span class='ocrx_word' id='word_1_193' title='bbox 292 3290 357 3355; x_wconf 87' lang='grc'><strong>272.</strong></span> <span class='ocrx_word' id='word_1_194' title='bbox 400 3288 466 3352; x_wconf 93' lang='lat' dir='ltr'><strong><em>Pro</em></strong></span> <span class='ocrx_word' id='word_1_195' title='bbox 485 3293 696 3374; x_wconf 79' lang='lat' dir='ltr'><strong><em>postulantur</em></strong></span> <span class='ocrx_word' id='word_1_196' title='bbox 708 3288 929 3372; x_wconf 88' lang='lat' dir='ltr'><strong><em>Wouwerius,</em></strong></span> <span class='ocrx_word' id='word_1_197' title='bbox 945 3292 1056 3356; x_wconf 86' lang='lat' dir='ltr'><strong><em>nescio</em></strong></span> <span class='ocrx_word' id='word_1_198' title='bbox 1075 3314 1138 3374; x_wconf 83' lang='lat' dir='ltr'><strong><em>qua</em></strong></span> <span class='ocrx_word' id='word_1_199' title='bbox 1156 3291 1195 3382; x_wconf 88' lang='lat' dir='ltr'><strong><em>de</em></strong></span> <span class='ocrx_word' id='word_1_200' title='bbox 1212 3312 1319 3370; x_wconf 75' lang='lat' dir='ltr'><strong><em>carisa,</em></strong></span> 
     </span>
     <span class='ocr_line' id='line_1_28' title="bbox 191 3389 1322 3478; baseline 0.002 -24"><span class='ocrx_word' id='word_1_201' title='bbox 191 3392 304 3477; x_wconf 77' lang='lat' dir='ltr'><strong><em>posuit</em></strong></span> <span class='ocrx_word' id='word_1_202' title='bbox 319 3392 582 3476; x_wconf 86' lang='lat' dir='ltr'><strong><em>postulabuntur,</em></strong></span> <span class='ocrx_word' id='word_1_203' title='bbox 597 3394 701 3457; x_wconf 87' lang='lat' dir='ltr'><strong><em>secuti</em></strong></span> <span class='ocrx_word' id='word_1_204' title='bbox 721 3400 797 3457; x_wconf 89' lang='lat' dir='ltr'><strong><em>suut</em></strong></span> <span class='ocrx_word' id='word_1_205' title='bbox 815 3389 940 3458; x_wconf 75' lang='lat' dir='ltr'><strong><em>Severo</em></strong></span> <span class='ocrx_word' id='word_1_206' title='bbox 957 3393 1221 3458; x_wconf 85' lang='lat' dir='ltr'><strong><em>Elmenlrorstius</em></strong></span> <span class='ocrx_word' id='word_1_207' title='bbox 1232 3393 1322 3478; x_wconf 80' lang='lat' dir='ltr'>Mig-</span> 
     </span>
     <span class='ocr_line' id='line_1_29' title="bbox 191 3493 978 3586; baseline 0.004 -28"><span class='ocrx_word' id='word_1_208' title='bbox 191 3495 276 3559; x_wconf 89' lang='lat' dir='ltr'><strong><em>nius.</em></strong></span> <span class='ocrx_word' id='word_1_209' title='bbox 321 3497 362 3560; x_wconf 89' lang='lat' dir='ltr'><strong><em>In</em></strong></span> <span class='ocrx_word' id='word_1_210' title='bbox 383 3498 416 3560; x_wconf 93' lang='lat' dir='ltr'>A</span> <span class='ocrx_word' id='word_1_211' title='bbox 433 3497 624 3582; x_wconf 88' lang='lat' dir='ltr'><strong><em>postulatur</em></strong></span> <span class='ocrx_word' id='word_1_212' title='bbox 646 3497 785 3586; x_wconf 88' lang='lat' dir='ltr'><strong><em>repperi.</em></strong></span> <span class='ocrx_word' id='word_1_213' title='bbox 975 3493 978 3499; x_wconf 70' lang='grc'><strong>’</strong></span> 
     </span>
    </p>
   </div>
   <div class='ocr_carea' id='block_1_8' title="bbox 190 3611 1321 3920">
    <p class='ocr_par' dir='ltr' id='par_1_8' title="bbox 190 3611 1321 3920">
     <span class='ocr_line' id='line_1_30' title="bbox 295 3611 1321 3701; baseline 0 -22"><span class='ocrx_word' id='word_1_214' title='bbox 295 3616 359 3681; x_wconf 75' lang='grc'><strong>277.</strong></span> <span class='ocrx_word' id='word_1_215' title='bbox 405 3611 511 3680; x_wconf 86' lang='lat' dir='ltr'><strong><em>Simili</em></strong></span> <span class='ocrx_word' id='word_1_216' title='bbox 540 3615 637 3680; x_wconf 87' lang='lat' dir='ltr'><strong><em>modo</em></strong></span> <span class='ocrx_word' id='word_1_217' title='bbox 666 3616 699 3679; x_wconf 90' lang='lat' dir='ltr'><strong><em>in</em></strong></span> <span class='ocrx_word' id='word_1_218' title='bbox 728 3639 765 3680; x_wconf 85' lang='lat' dir='ltr'><strong><em>ea</em></strong></span> <span class='ocrx_word' id='word_1_219' title='bbox 793 3640 874 3701; x_wconf 85' lang='lat' dir='ltr'><strong><em>quae</em></strong></span> <span class='ocrx_word' id='word_1_220' title='bbox 898 3617 1044 3700; x_wconf 87' lang='lat' dir='ltr'><strong><em>sequitur</em></strong></span> <span class='ocrx_word' id='word_1_221' title='bbox 1067 3617 1228 3681; x_wconf 87' lang='lat' dir='ltr'><strong><em>sententia</em></strong></span> <span class='ocrx_word' id='word_1_222' title='bbox 1252 3613 1321 3680; x_wconf 89' lang='lat' dir='ltr'><strong><em>Sir-</em></strong></span> 
     </span>
     <span class='ocr_line' id='line_1_31' title="bbox 192 3719 1319 3806; baseline 0 -24"><span class='ocrx_word' id='word_1_223' title='bbox 192 3719 331 3783; x_wconf 89' lang='lat' dir='ltr'><strong><em>mondus</em></strong></span> <span class='ocrx_word' id='word_1_224' title='bbox 360 3719 565 3804; x_wconf 86' lang='lat' dir='ltr'><strong><em>Baretusque</em></strong></span> <span class='ocrx_word' id='word_1_225' title='bbox 587 3720 880 3806; x_wconf 79' lang='lat' dir='ltr'><strong><em>interropabuntur</em></strong></span> <span class='ocrx_word' id='word_1_226' title='bbox 902 3727 1022 3784; x_wconf 87' lang='lat' dir='ltr'><strong><em>temere</em></strong></span> <span class='ocrx_word' id='word_1_227' title='bbox 1046 3720 1264 3806; x_wconf 81' lang='lat' dir='ltr'><strong><em>scripserunt3</em></strong></span> <span class='ocrx_word' id='word_1_228' title='bbox 1286 3720 1319 3782; x_wconf 89' lang='lat' dir='ltr'><strong><em>iu</em></strong></span> 
     </span>
     <span class='ocr_line' id='line_1_32' title="bbox 190 3821 924 3920; baseline 0.001 -34"><span class='ocrx_word' id='word_1_229' title='bbox 190 3821 314 3887; x_wconf 87' lang='lat' dir='ltr'><strong><em>AHV</em></strong></span> <span class='ocrx_word' id='word_1_230' title='bbox 341 3831 428 3886; x_wconf 86' lang='lat' dir='ltr'><strong><em>certe</em></strong></span> <span class='ocrx_word' id='word_1_231' title='bbox 450 3844 606 3908; x_wconf 84' lang='lat' dir='ltr'><strong><em>praesens</em></strong></span> <span class='ocrx_word' id='word_1_232' title='bbox 628 3829 757 3908; x_wconf 88' lang='lat' dir='ltr'><strong><em>tempus</em></strong></span> <span class='ocrx_word' id='word_1_233' title='bbox 780 3823 924 3920; x_wconf 81' lang='lat' dir='ltr'><strong><em>popitur.</em></strong></span> 
     </span>
    </p>
   </div>
   <div class='ocr_carea' id='block_1_9' title="bbox 192 3943 1321 4134">
    <p class='ocr_par' dir='ltr' id='par_1_9' title="bbox 192 3943 1321 4134">
     <span class='ocr_line' id='line_1_33' title="bbox 294 3943 1321 4031; baseline -0.003 -22"><span class='ocrx_word' id='word_1_234' title='bbox 294 3944 360 4009; x_wconf 77' lang='grc'><strong>274.</strong></span> <span class='ocrx_word' id='word_1_235' title='bbox 404 3944 456 4007; x_wconf 84' lang='lat' dir='ltr'><strong><em>Ex</em></strong></span> <span class='ocrx_word' id='word_1_236' title='bbox 484 3943 606 4010; x_wconf 88' lang='lat' dir='ltr'><strong><em>AHV</em></strong></span> <span class='ocrx_word' id='word_1_237' title='bbox 630 3949 832 4030; x_wconf 88' lang='lat' dir='ltr'><strong><em>oportunius,</em></strong></span> <span class='ocrx_word' id='word_1_238' title='bbox 860 3966 925 4007; x_wconf 91' lang='lat' dir='ltr'><strong><em>non</em></strong></span> <span class='ocrx_word' id='word_1_239' title='bbox 950 3949 1163 4031; x_wconf 84' lang='lat' dir='ltr'><strong><em>opportunius</em></strong></span> <span class='ocrx_word' id='word_1_240' title='bbox 1187 3943 1321 4029; x_wconf 83' lang='lat' dir='ltr'><strong><em>seripsi3</em></strong></span> 
     </span>
     <span class='ocr_line' id='line_1_34' title="bbox 192 4047 863 4134; baseline 0 -24"><span class='ocrx_word' id='word_1_241' title='bbox 192 4047 268 4112; x_wconf 89' lang='lat' dir='ltr'><strong><em>item</em></strong></span> <span class='ocrx_word' id='word_1_242' title='bbox 291 4049 411 4127; x_wconf 85' lang='lat' dir='ltr'><strong><em>incliti,</em></strong></span> <span class='ocrx_word' id='word_1_243' title='bbox 435 4071 501 4111; x_wconf 92' lang='lat' dir='ltr'><strong><em>nou</em></strong></span> <span class='ocrx_word' id='word_1_244' title='bbox 521 4050 638 4134; x_wconf 74' lang='lat' dir='ltr'><strong><em>inclyti</em></strong></span> <span class='ocrx_word' id='word_1_245' title='bbox 660 4055 715 4110; x_wconf 85' lang='lat' dir='ltr'><strong><em>aut</em></strong></span> <span class='ocrx_word' id='word_1_246' title='bbox 736 4051 863 4112; x_wconf 85' lang='lat' dir='ltr'><strong><em>incluti.</em></strong></span> 
     </span>
    </p>
   </div>
   <div class='ocr_carea' id='block_1_10' title="bbox 193 4165 1323 4338">
    <p class='ocr_par' dir='ltr' id='par_1_10' title="bbox 193 4165 1323 4338">
     <span class='ocr_line' id='line_1_35' title="bbox 299 4165 1323 4254; baseline -0.004 -20"><span class='ocrx_word' id='word_1_247' title='bbox 299 4169 364 4235; x_wconf 72' lang='grc'><strong>275.</strong></span> <span class='ocrx_word' id='word_1_248' title='bbox 407 4169 467 4251; x_wconf 85' lang='lat' dir='ltr'><strong><em>Ac,</em></strong></span> <span class='ocrx_word' id='word_1_249' title='bbox 500 4170 587 4254; x_wconf 91' lang='lat' dir='ltr'><strong><em>quod</em></strong></span> <span class='ocrx_word' id='word_1_250' title='bbox 617 4177 667 4233; x_wconf 87' lang='lat' dir='ltr'><strong><em>est</em></strong></span> <span class='ocrx_word' id='word_1_251' title='bbox 690 4169 723 4232; x_wconf 89' lang='lat' dir='ltr'><strong><em>iu</em></strong></span> <span class='ocrx_word' id='word_1_252' title='bbox 745 4169 878 4250; x_wconf 85' lang='lat' dir='ltr'><strong><em>AHV,</em></strong></span> <span class='ocrx_word' id='word_1_253' title='bbox 913 4165 1038 4233; x_wconf 76' lang='lat' dir='ltr'><strong><em>Severo</em></strong></span> <span class='ocrx_word' id='word_1_254' title='bbox 1062 4168 1153 4232; x_wconf 89' lang='lat' dir='ltr'><strong><em>solus</em></strong></span> <span class='ocrx_word' id='word_1_255' title='bbox 1177 4168 1323 4254; x_wconf 86' lang='lat' dir='ltr'><strong><em>scripsit,</em></strong></span> 
     </span>
     <span class='ocr_line' id='line_1_36' title="bbox 193 4273 522 4338; baseline -0.006 0"><span class='ocrx_word' id='word_1_256' title='bbox 193 4274 293 4338; x_wconf 87' lang='lat' dir='ltr'><strong><em>ceteri</em></strong></span> <span class='ocrx_word' id='word_1_257' title='bbox 316 4273 458 4338; x_wconf 86' lang='lat' dir='ltr'><strong><em>editores</em></strong></span> <span class='ocrx_word' id='word_1_258' title='bbox 482 4286 522 4337; x_wconf 90' lang='lat' dir='ltr'><strong><em>et.</em></strong></span> 
     </span>
    </p>
   </div>
   <div class='ocr_carea' id='block_1_11' title="bbox 0 0 1600 4900">
    <p class='ocr_par' dir='ltr' id='par_1_11' title="bbox 0 0 1600 4900">
     <span class='ocr_line' id='line_1_37' title="bbox 0 0 1600 4900; baseline 0 0"><span class='ocrx_word' id='word_1_259' title='bbox 0 0 1600 4900; x_wconf 95' lang='lat' dir='ltr'><strong><em> </em></strong></span> 
     </span>
    </p>
   </div>
  </div>
 </body>
</html>
